<!DOCTYPE html><html lang="ko" class="no-js platform__web os__windows"><head><meta name="viewport" content="width=1260"/><meta charSet="utf-8"/><meta http-equiv="X-UA-Compatible" content="ie=edge"/><meta name="msapplication-starturl" content="https://www.gmarket.co.kr/n/smilefresh"/><meta property="og:site_name" content="Gmarket"/><meta property="og:title" content="[G마켓] 스마일프레시"/><meta property="og:type" content="website"/><meta property="og:image" content="http://pics.gmarket.co.kr/share/G_smilefresh_1.0.png"/><meta http-equiv="x-dns-prefetch-control" content="on"/><link rel="dns-prefetch" href="https://pics.gmarket.co.kr/"/><link rel="dns-prefetch" href="https://script.gmarket.co.kr/"/><link rel="dns-prefetch" href="https://image.gmarket.co.kr/"/><link rel="dns-prefetch" href="https://gdimg.gmarket.co.kr/"/><link rel="dns-prefetch" href="https://ad-img.gmarket.com/"/><meta name="p:domain_verify" content="f439a07b31c110a1a16c9a468a630af9"/><meta property="fb:admins" content="100000991027914"/><link rel="apple-touch-icon-precomposed" href="http://image.gmarket.co.kr/Gmarket_Mobile_v2/icon_01.png"/><link rel="shortcut icon" href="https://image.gmarket.co.kr/favicon/gmarket.ico"/><link rel="stylesheet" href="https://script.gmarket.co.kr/pc/css/ko/common.css"/><link rel="stylesheet" href="https://script.gmarket.co.kr/pc/css/common/kr/ui/common.css"/><link rel="stylesheet" href="https://script.gmarket.co.kr/pc/css/common/kr/swiper.min.css"/><link rel="stylesheet" href="https://script.gmarket.co.kr/pc/css/application/kr/smilefresh/app.css"/><link rel="stylesheet" href="https://script.gmarket.co.kr/pc/css/common/kr/ui/desktop_layout.css"/><link rel="preload" as="script" href="https://script.gmarket.co.kr/mobile/js/common/kr/util/viewability.js"/><link rel="preload" as="script" href="https://script.gmarket.co.kr/js/common/ats_gmkt.js"/><link rel="preload" as="script" href="https://script.gmarket.co.kr/fnp/desktop-layout.js"/><style>img[class*=no-js],.swiper-lazy.swiper-lazy-loaded{opacity:1;transition:opacity 0.2s;}img[src^=data],.swiper-lazy{opacity:0;}</style><title>스마일프레시 - 냉동/간편식 베스트</title><meta name="description" content="스마일프레시 베스트 상품입니다."/><meta property="og:description" content="스마일프레시 베스트 상품입니다."/><meta property="og:url" content="https://www.gmarket.co.kr/n/smilefresh/best?categoryCode=100001006"/><link rel="canonical" href="best@categoryCode=100001006.html"/><link rel="alternate" media="only screen and (max-width: 640px)" href="https://m.gmarket.co.kr/n/smilefresh/best?categoryCode=100001006"/><meta name="next-head-count" content="33"/><noscript data-n-css=""></noscript><script defer="" nomodule="" src="_next/static/chunks/polyfills-c67a75d1b6f99dc8.js"></script><script defer="" nomodule="" src="_next/static/chunks/polyfills-next-pack-2cc6155c435f3c28.js"></script><script src="_next/static/chunks/webpack-d1ca374413357f9c.js" defer=""></script><script src="_next/static/chunks/framework-0bff4c72fef67389.js" defer=""></script><script src="_next/static/chunks/main-92a66ce9cd5c1b79.js" defer=""></script><script src="_next/static/chunks/pages/_app-e41d5dd9fd26cf09.js" defer=""></script><script src="_next/static/chunks/94a7ad86-beff1d5f4916f37c.js" defer=""></script><script src="_next/static/chunks/c30a072d-b284a345e70d4a79.js" defer=""></script><script src="_next/static/chunks/971-4b1e901bc43526de.js" defer=""></script><script src="_next/static/chunks/765-5e6e5dea54f3191b.js" defer=""></script><script src="_next/static/chunks/186-c103d92344bdb142.js" defer=""></script><script src="_next/static/chunks/29-aeaaef68278b881e.js" defer=""></script><script src="_next/static/chunks/401-32b649bde914004a.js" defer=""></script><script src="_next/static/chunks/233-03ce063c0eec1686.js" defer=""></script><script src="_next/static/chunks/815-fa1dc9d1dbff1188.js" defer=""></script><script src="_next/static/chunks/pages/n/smilefresh/best-cd815d43e763bcd5.js" defer=""></script><script src="_next/static/FuleE6RJUYphys9RuEDG0/_buildManifest.js" defer=""></script><script src="_next/static/FuleE6RJUYphys9RuEDG0/_ssgManifest.js" defer=""></script></head><body class="smilefresh"><script>document.documentElement.className = document.documentElement.className.replace('no-js', 'js');</script><noscript><iframe src="https://www.googletagmanager.com/ns.html?id=GTM-MFMM9GV" height="0" width="0" style="display:none;visibility:hidden" title="smilefresh"></iframe></noscript><div id="__next" data-reactroot=""><div id="skip-navigation" class="skip-navigation-simpleheader"><strong class="for-a11y">스킵 네비게이션</strong><ul><li><a href="best@categoryCode=100001006.html#skip-navigation-search">검색창 바로가기</a></li><li><a href="best@categoryCode=100001006.html#button__category-all">전체카테고리 바로가기</a></li><li><a href="best@categoryCode=100001006.html#container">본문 바로가기</a></li></ul></div><div style="min-height:40px"></div><h2 class="for-a11y">스마일프레시 검색창</h2><div id="smile_gnb" class="smilefresh_gnb" role="complementary" style="position:relative;top:0;z-index:400"><div class="gnb_container"><div class="layout_left"><div id="_smilelnb" class="corenavi navi_allmenu"><button type="button" class="navi_opener" aria-label="스마일프레시 카테고리 메뉴" aria-expanded="false" aria-controls="smiledelivery_category_list"><p class="for-a11y">전체메뉴</p><em class="ico_hambugermenu"><span class="line1"></span><span class="line2"></span><span class="line3"></span></em></button></div><h1><a title="스마일프레시" href="../smilefresh.html"><img src="https://pics.gmarket.co.kr/pc/single/kr/smilefresh/logo_smilefresh.png" height="32" alt="스마일프레시"/></a></h1><div class="smile_search"><form method="get" action="https://www.gmarket.co.kr/n/smilefresh/search"><div class="search_box"><input type="text" class="search_input_keyword" name="keyword" title="검색어입력" aria-label="스마일프레시 검색 입력" autoComplete="off" spellcheck="false" autoCorrect="off" autoCapitalize="off" value=""/><input type="submit" value="검색" class="search_btn_ok sp_sd" style="cursor:pointer"/></div><div class="suggestion_search"></div></form></div></div><div class="layout_right"><a href="https://myg.gmarket.co.kr/ContractList/ContractList" class="link__my sp_sd--before">장본내역</a><div class="cart_guage"><a href="https://cart.gmarket.co.kr/ko/cart/smilefresh" class="cart sp_sd"><span class="for-a11y">장바구니</span></a><span class="for-a11y">장바구니에 담긴 상품수</span></div></div></div><div class="box__smilefresh"><div class="box__smilefresh-inner"><ul class="list__tab" aria-label="스마일프레시 메뉴"><li><a class="link__tab" href="../smilefresh.html">홈</a></li><li><a class="link__tab" href="brand.html">브랜드</a></li><li><a class="link__tab link__tab--active" aria-current="page" href="best.html">베스트</a></li><li><a class="link__tab" href="sale.html">행사중</a></li><li><a class="link__tab" href="freq-buy.html">자주구매</a></li></ul><a href="guide.html" class="link__guide sprite__smilefresh--after">스마일프레시 알아보기</a></div></div></div><div id="content" role="main"><div class="box__component box__smilefresh-delivery"><div class="box__component-inner"><div class="box__delivery-info login"><span class="sprite__smilefresh--before text__address"><span class="text__state">로그인</span>을 진행해 주세요</span><a class="button__address" href="best@categoryCode=100001006.html">로그인</a></div></div></div><div class="box__smilefresh-content box__smilefresh-best"><div class="box__sub-category box__sub-category-type2"><div class="box__sub-category-inner"><h2 class="text__title">스마일프레시 베스트</h2><div class="box__recomend-category category_sec" role="navigation"><div class="box__inner" style="width:1220px"><div class="swiper-container"><div class="swiper-wrapper"><div class="swiper-slide"><ul class="category_slide" aria-label="스마일프레시 베스트 메뉴"><li class="list-item"><a href="best.html"><div class="img_sec"><img data-src="//pics.gmarket.co.kr/pc/single/kr/smilefresh/image__category-all.png" class="swiper-lazy" alt=""/></div><div class="box__category-name"><div class="box__category-name-inner"><span class="category_name">전체</span></div></div></a></li><li class="list-item"><a href="best@categoryCode=100000000.html"><div class="img_sec"><img data-src="https://image.gmarket.co.kr/hanbando/202209/2f7e5c38-9606-4f1a-912e-f969e22f430f.jpg" class="swiper-lazy" alt=""/></div><div class="box__category-name"><div class="box__category-name-inner"><span class="category_name">정육/계란</span></div></div></a></li><li class="list-item"><a href="best@categoryCode=100001005.html"><div class="img_sec"><img data-src="https://image.gmarket.co.kr/hanbando/202207/efc9fa9b-b4d8-4eb4-b44d-dc8a47a8c00a.jpg" class="swiper-lazy" alt=""/></div><div class="box__category-name"><div class="box__category-name-inner"><span class="category_name">과일</span></div></div></a></li><li class="list-item list-item--active"><a aria-current="page" href="best@categoryCode=100001006.html"><div class="img_sec"><img data-src="https://image.gmarket.co.kr/hanbando/202207/287cdcc7-47f4-4949-8cdf-2bfb4ff5522e.jpg" class="swiper-lazy" alt=""/></div><div class="box__category-name"><div class="box__category-name-inner"><span class="category_name">냉동/간편식</span></div></div></a></li><li class="list-item"><a href="best@categoryCode=100001007.html"><div class="img_sec"><img data-src="https://image.gmarket.co.kr/hanbando/202207/92c7e264-61a8-4e11-ab2b-d3ad8a7b3ab6.jpg" class="swiper-lazy" alt=""/></div><div class="box__category-name"><div class="box__category-name-inner"><span class="category_name">쌀/잡곡</span></div></div></a></li><li class="list-item"><a href="best@categoryCode=100001008.html"><div class="img_sec"><img data-src="https://image.gmarket.co.kr/hanbando/202209/eb8b0652-724b-465a-800a-49436a3f5435.jpg" class="swiper-lazy" alt=""/></div><div class="box__category-name"><div class="box__category-name-inner"><span class="category_name">채소/두부</span></div></div></a></li><li class="list-item"><a href="best@categoryCode=100001010.html"><div class="img_sec"><img data-src="https://image.gmarket.co.kr/hanbando/202207/9ac23369-57e8-4299-889a-4f5360cd3c28.jpg" class="swiper-lazy" alt=""/></div><div class="box__category-name"><div class="box__category-name-inner"><span class="category_name">라면/즉석식품</span></div></div></a></li><li class="list-item"><a href="best@categoryCode=100001032.html"><div class="img_sec"><img data-src="https://image.gmarket.co.kr/hanbando/202207/a28bdf02-b436-4466-88de-d8f11ca54296.jpg" class="swiper-lazy" alt=""/></div><div class="box__category-name"><div class="box__category-name-inner"><span class="category_name">생수/음료</span></div></div></a></li><li class="list-item"><a href="best@categoryCode=100001033.html"><div class="img_sec"><img data-src="https://image.gmarket.co.kr/hanbando/202207/fd43d2b2-4f77-4e2c-b5da-58d24b91d95b.jpg" class="swiper-lazy" alt=""/></div><div class="box__category-name"><div class="box__category-name-inner"><span class="category_name">과자/아이스크림</span></div></div></a></li><li class="list-item"><a href="best@categoryCode=100001034.html"><div class="img_sec"><img data-src="https://image.gmarket.co.kr/hanbando/202207/f5f1f7ed-e6a5-4ecd-ac66-aa87756158c2.jpg" class="swiper-lazy" alt=""/></div><div class="box__category-name"><div class="box__category-name-inner"><span class="category_name">우유/유제품</span></div></div></a></li><li class="list-item"><a href="best@categoryCode=100001035.html"><div class="img_sec"><img data-src="https://image.gmarket.co.kr/hanbando/202207/089a0e40-92de-4a0e-a8cb-2a18f78c5691.jpg" class="swiper-lazy" alt=""/></div><div class="box__category-name"><div class="box__category-name-inner"><span class="category_name">장류/양념</span></div></div></a></li><li class="list-item"><a href="best@categoryCode=100001036.html"><div class="img_sec"><img data-src="https://image.gmarket.co.kr/hanbando/202207/a5b62bcd-46b5-4059-bb1b-e01878b77ef4.jpg" class="swiper-lazy" alt=""/></div><div class="box__category-name"><div class="box__category-name-inner"><span class="category_name">화장지/위생</span></div></div></a></li></ul></div><div class="swiper-slide"><ul class="category_slide" aria-label="스마일프레시 베스트 메뉴"><li class="list-item"><a href="best@categoryCode=100001037.html"><div class="img_sec"><img data-src="https://image.gmarket.co.kr/hanbando/202207/c5b6a09a-4955-4829-94d6-c62f818f2f34.jpg" class="swiper-lazy" alt=""/></div><div class="box__category-name"><div class="box__category-name-inner"><span class="category_name">커피/차</span></div></div></a></li><li class="list-item"><a href="best@categoryCode=100001038.html"><div class="img_sec"><img data-src="https://image.gmarket.co.kr/hanbando/202207/23143aa7-715d-4778-8b1e-ab87422a8d3a.jpg" class="swiper-lazy" alt=""/></div><div class="box__category-name"><div class="box__category-name-inner"><span class="category_name">수산물</span></div></div></a></li><li class="list-item"><a href="best@categoryCode=100001039.html"><div class="img_sec"><img data-src="https://image.gmarket.co.kr/hanbando/202207/85d41348-f077-4b90-b0ff-3599d16216b2.jpg" class="swiper-lazy" alt=""/></div><div class="box__category-name"><div class="box__category-name-inner"><span class="category_name">밀키트/반찬</span></div></div></a></li><li class="list-item"><a href="best@categoryCode=100002000.html"><div class="img_sec"><img data-src="https://image.gmarket.co.kr/hanbando/202208/ea1ecb73-6a2c-45f7-8a89-2e130b634a99.jpg" class="swiper-lazy" alt=""/></div><div class="box__category-name"><div class="box__category-name-inner"><span class="category_name">베이커리/잼</span></div></div></a></li><li class="list-item"><a href="best@categoryCode=100002001.html"><div class="img_sec"><img data-src="https://image.gmarket.co.kr/hanbando/202208/7088de74-301b-48ef-911c-f33ed6a22f9b.jpg" class="swiper-lazy" alt=""/></div><div class="box__category-name"><div class="box__category-name-inner"><span class="category_name">건강식품</span></div></div></a></li><li class="list-item"><a href="best@categoryCode=100002002.html"><div class="img_sec"><img data-src="https://image.gmarket.co.kr/hanbando/202208/39888525-4f61-453f-865c-83b6ca536b58.jpg" class="swiper-lazy" alt=""/></div><div class="box__category-name"><div class="box__category-name-inner"><span class="category_name">세탁/청소/욕실용품</span></div></div></a></li><li class="list-item"><a href="best@categoryCode=100002003.html"><div class="img_sec"><img data-src="https://image.gmarket.co.kr/hanbando/202208/a9484e1d-492e-4ab4-84db-1a387177dcbf.jpg" class="swiper-lazy" alt=""/></div><div class="box__category-name"><div class="box__category-name-inner"><span class="category_name">리빙</span></div></div></a></li><li class="list-item"><a href="best@categoryCode=100002004.html"><div class="img_sec"><img data-src="https://image.gmarket.co.kr/hanbando/202208/e0d7614a-763e-4d90-b696-b20c76e890ca.jpg" class="swiper-lazy" alt=""/></div><div class="box__category-name"><div class="box__category-name-inner"><span class="category_name">주방/일회용품</span></div></div></a></li><li class="list-item"><a href="best@categoryCode=100002005.html"><div class="img_sec"><img data-src="https://image.gmarket.co.kr/hanbando/202208/231a3b36-5d05-467d-a33a-8651b9cf19c6.jpg" class="swiper-lazy" alt=""/></div><div class="box__category-name"><div class="box__category-name-inner"><span class="category_name">생활잡화/공구</span></div></div></a></li><li class="list-item"><a href="best@categoryCode=100002006.html"><div class="img_sec"><img data-src="https://image.gmarket.co.kr/hanbando/202208/692a0b18-2063-4f86-a0af-3f7bbee09696.jpg" class="swiper-lazy" alt=""/></div><div class="box__category-name"><div class="box__category-name-inner"><span class="category_name">반려동물</span></div></div></a></li><li class="list-item"><a href="best@categoryCode=100002007.html"><div class="img_sec"><img data-src="https://image.gmarket.co.kr/hanbando/202208/ba755a2e-4a11-472c-92f0-6b82f671b1f8.jpg" class="swiper-lazy" alt=""/></div><div class="box__category-name"><div class="box__category-name-inner"><span class="category_name">뷰티</span></div></div></a></li><li class="list-item"><a href="best@categoryCode=100002008.html"><div class="img_sec"><img data-src="https://image.gmarket.co.kr/hanbando/202208/fd6fb0fe-4f81-48ea-bec2-5cc37db6fa18.jpg" class="swiper-lazy" alt=""/></div><div class="box__category-name"><div class="box__category-name-inner"><span class="category_name">유아동/출산/완구</span></div></div></a></li></ul></div><div class="swiper-slide"><ul class="category_slide" aria-label="스마일프레시 베스트 메뉴"><li class="list-item"><a href="best@categoryCode=100002009.html"><div class="img_sec"><img data-src="https://image.gmarket.co.kr/hanbando/202208/315ccf35-b333-4017-b664-ccb1ba966ef0.jpg" class="swiper-lazy" alt=""/></div><div class="box__category-name"><div class="box__category-name-inner"><span class="category_name">패션/언더웨어</span></div></div></a></li><li class="list-item"><a href="best@categoryCode=100002010.html"><div class="img_sec"><img data-src="https://image.gmarket.co.kr/hanbando/202208/30fc0d1d-ea15-4e02-8f50-f144d06423ca.jpg" class="swiper-lazy" alt=""/></div><div class="box__category-name"><div class="box__category-name-inner"><span class="category_name">잡화/슈즈/명품</span></div></div></a></li><li class="list-item"><a href="best@categoryCode=100002011.html"><div class="img_sec"><img data-src="https://image.gmarket.co.kr/hanbando/202208/fa99b668-5f13-496e-a62d-dce329ead7cc.jpg" class="swiper-lazy" alt=""/></div><div class="box__category-name"><div class="box__category-name-inner"><span class="category_name">스포츠/레저/자동차</span></div></div></a></li><li class="list-item"><a href="best@categoryCode=100002012.html"><div class="img_sec"><img data-src="https://image.gmarket.co.kr/hanbando/202208/f38a6d26-1cc0-4b33-bf23-f933c2190252.jpg" class="swiper-lazy" alt=""/></div><div class="box__category-name"><div class="box__category-name-inner"><span class="category_name">디지털/가전</span></div></div></a></li><li class="list-item"><a href="best@categoryCode=100002013.html"><div class="img_sec"><img data-src="https://image.gmarket.co.kr/hanbando/202208/edd14751-f54a-48ff-ae9a-15a33b10c06c.jpg" class="swiper-lazy" alt=""/></div><div class="box__category-name"><div class="box__category-name-inner"><span class="category_name">문구/취미/도서</span></div></div></a></li><li class="list-item"><a href="best.html"><div class="img_sec"><img data-src="//pics.gmarket.co.kr/pc/single/kr/smilefresh/image__category-all.png" class="swiper-lazy" alt=""/></div><div class="box__category-name"><div class="box__category-name-inner"><span class="category_name">전체</span></div></div></a></li><li class="list-item"><a href="best@categoryCode=100000000.html"><div class="img_sec"><img data-src="https://image.gmarket.co.kr/hanbando/202209/2f7e5c38-9606-4f1a-912e-f969e22f430f.jpg" class="swiper-lazy" alt=""/></div><div class="box__category-name"><div class="box__category-name-inner"><span class="category_name">정육/계란</span></div></div></a></li><li class="list-item"><a href="best@categoryCode=100001005.html"><div class="img_sec"><img data-src="https://image.gmarket.co.kr/hanbando/202207/efc9fa9b-b4d8-4eb4-b44d-dc8a47a8c00a.jpg" class="swiper-lazy" alt=""/></div><div class="box__category-name"><div class="box__category-name-inner"><span class="category_name">과일</span></div></div></a></li><li class="list-item list-item--active"><a aria-current="page" href="best@categoryCode=100001006.html"><div class="img_sec"><img data-src="https://image.gmarket.co.kr/hanbando/202207/287cdcc7-47f4-4949-8cdf-2bfb4ff5522e.jpg" class="swiper-lazy" alt=""/></div><div class="box__category-name"><div class="box__category-name-inner"><span class="category_name">냉동/간편식</span></div></div></a></li><li class="list-item"><a href="best@categoryCode=100001007.html"><div class="img_sec"><img data-src="https://image.gmarket.co.kr/hanbando/202207/92c7e264-61a8-4e11-ab2b-d3ad8a7b3ab6.jpg" class="swiper-lazy" alt=""/></div><div class="box__category-name"><div class="box__category-name-inner"><span class="category_name">쌀/잡곡</span></div></div></a></li><li class="list-item"><a href="best@categoryCode=100001008.html"><div class="img_sec"><img data-src="https://image.gmarket.co.kr/hanbando/202209/eb8b0652-724b-465a-800a-49436a3f5435.jpg" class="swiper-lazy" alt=""/></div><div class="box__category-name"><div class="box__category-name-inner"><span class="category_name">채소/두부</span></div></div></a></li><li class="list-item"><a href="best@categoryCode=100001010.html"><div class="img_sec"><img data-src="https://image.gmarket.co.kr/hanbando/202207/9ac23369-57e8-4299-889a-4f5360cd3c28.jpg" class="swiper-lazy" alt=""/></div><div class="box__category-name"><div class="box__category-name-inner"><span class="category_name">라면/즉석식품</span></div></div></a></li></ul></div><div class="swiper-slide"><ul class="category_slide" aria-label="스마일프레시 베스트 메뉴"><li class="list-item"><a href="best@categoryCode=100001032.html"><div class="img_sec"><img data-src="https://image.gmarket.co.kr/hanbando/202207/a28bdf02-b436-4466-88de-d8f11ca54296.jpg" class="swiper-lazy" alt=""/></div><div class="box__category-name"><div class="box__category-name-inner"><span class="category_name">생수/음료</span></div></div></a></li><li class="list-item"><a href="best@categoryCode=100001033.html"><div class="img_sec"><img data-src="https://image.gmarket.co.kr/hanbando/202207/fd43d2b2-4f77-4e2c-b5da-58d24b91d95b.jpg" class="swiper-lazy" alt=""/></div><div class="box__category-name"><div class="box__category-name-inner"><span class="category_name">과자/아이스크림</span></div></div></a></li><li class="list-item"><a href="best@categoryCode=100001034.html"><div class="img_sec"><img data-src="https://image.gmarket.co.kr/hanbando/202207/f5f1f7ed-e6a5-4ecd-ac66-aa87756158c2.jpg" class="swiper-lazy" alt=""/></div><div class="box__category-name"><div class="box__category-name-inner"><span class="category_name">우유/유제품</span></div></div></a></li><li class="list-item"><a href="best@categoryCode=100001035.html"><div class="img_sec"><img data-src="https://image.gmarket.co.kr/hanbando/202207/089a0e40-92de-4a0e-a8cb-2a18f78c5691.jpg" class="swiper-lazy" alt=""/></div><div class="box__category-name"><div class="box__category-name-inner"><span class="category_name">장류/양념</span></div></div></a></li><li class="list-item"><a href="best@categoryCode=100001036.html"><div class="img_sec"><img data-src="https://image.gmarket.co.kr/hanbando/202207/a5b62bcd-46b5-4059-bb1b-e01878b77ef4.jpg" class="swiper-lazy" alt=""/></div><div class="box__category-name"><div class="box__category-name-inner"><span class="category_name">화장지/위생</span></div></div></a></li><li class="list-item"><a href="best@categoryCode=100001037.html"><div class="img_sec"><img data-src="https://image.gmarket.co.kr/hanbando/202207/c5b6a09a-4955-4829-94d6-c62f818f2f34.jpg" class="swiper-lazy" alt=""/></div><div class="box__category-name"><div class="box__category-name-inner"><span class="category_name">커피/차</span></div></div></a></li><li class="list-item"><a href="best@categoryCode=100001038.html"><div class="img_sec"><img data-src="https://image.gmarket.co.kr/hanbando/202207/23143aa7-715d-4778-8b1e-ab87422a8d3a.jpg" class="swiper-lazy" alt=""/></div><div class="box__category-name"><div class="box__category-name-inner"><span class="category_name">수산물</span></div></div></a></li><li class="list-item"><a href="best@categoryCode=100001039.html"><div class="img_sec"><img data-src="https://image.gmarket.co.kr/hanbando/202207/85d41348-f077-4b90-b0ff-3599d16216b2.jpg" class="swiper-lazy" alt=""/></div><div class="box__category-name"><div class="box__category-name-inner"><span class="category_name">밀키트/반찬</span></div></div></a></li><li class="list-item"><a href="best@categoryCode=100002000.html"><div class="img_sec"><img data-src="https://image.gmarket.co.kr/hanbando/202208/ea1ecb73-6a2c-45f7-8a89-2e130b634a99.jpg" class="swiper-lazy" alt=""/></div><div class="box__category-name"><div class="box__category-name-inner"><span class="category_name">베이커리/잼</span></div></div></a></li><li class="list-item"><a href="best@categoryCode=100002001.html"><div class="img_sec"><img data-src="https://image.gmarket.co.kr/hanbando/202208/7088de74-301b-48ef-911c-f33ed6a22f9b.jpg" class="swiper-lazy" alt=""/></div><div class="box__category-name"><div class="box__category-name-inner"><span class="category_name">건강식품</span></div></div></a></li><li class="list-item"><a href="best@categoryCode=100002002.html"><div class="img_sec"><img data-src="https://image.gmarket.co.kr/hanbando/202208/39888525-4f61-453f-865c-83b6ca536b58.jpg" class="swiper-lazy" alt=""/></div><div class="box__category-name"><div class="box__category-name-inner"><span class="category_name">세탁/청소/욕실용품</span></div></div></a></li><li class="list-item"><a href="best@categoryCode=100002003.html"><div class="img_sec"><img data-src="https://image.gmarket.co.kr/hanbando/202208/a9484e1d-492e-4ab4-84db-1a387177dcbf.jpg" class="swiper-lazy" alt=""/></div><div class="box__category-name"><div class="box__category-name-inner"><span class="category_name">리빙</span></div></div></a></li></ul></div><div class="swiper-slide"><ul class="category_slide" aria-label="스마일프레시 베스트 메뉴"><li class="list-item"><a href="best@categoryCode=100002004.html"><div class="img_sec"><img data-src="https://image.gmarket.co.kr/hanbando/202208/e0d7614a-763e-4d90-b696-b20c76e890ca.jpg" class="swiper-lazy" alt=""/></div><div class="box__category-name"><div class="box__category-name-inner"><span class="category_name">주방/일회용품</span></div></div></a></li><li class="list-item"><a href="best@categoryCode=100002005.html"><div class="img_sec"><img data-src="https://image.gmarket.co.kr/hanbando/202208/231a3b36-5d05-467d-a33a-8651b9cf19c6.jpg" class="swiper-lazy" alt=""/></div><div class="box__category-name"><div class="box__category-name-inner"><span class="category_name">생활잡화/공구</span></div></div></a></li><li class="list-item"><a href="best@categoryCode=100002006.html"><div class="img_sec"><img data-src="https://image.gmarket.co.kr/hanbando/202208/692a0b18-2063-4f86-a0af-3f7bbee09696.jpg" class="swiper-lazy" alt=""/></div><div class="box__category-name"><div class="box__category-name-inner"><span class="category_name">반려동물</span></div></div></a></li><li class="list-item"><a href="best@categoryCode=100002007.html"><div class="img_sec"><img data-src="https://image.gmarket.co.kr/hanbando/202208/ba755a2e-4a11-472c-92f0-6b82f671b1f8.jpg" class="swiper-lazy" alt=""/></div><div class="box__category-name"><div class="box__category-name-inner"><span class="category_name">뷰티</span></div></div></a></li><li class="list-item"><a href="best@categoryCode=100002008.html"><div class="img_sec"><img data-src="https://image.gmarket.co.kr/hanbando/202208/fd6fb0fe-4f81-48ea-bec2-5cc37db6fa18.jpg" class="swiper-lazy" alt=""/></div><div class="box__category-name"><div class="box__category-name-inner"><span class="category_name">유아동/출산/완구</span></div></div></a></li><li class="list-item"><a href="best@categoryCode=100002009.html"><div class="img_sec"><img data-src="https://image.gmarket.co.kr/hanbando/202208/315ccf35-b333-4017-b664-ccb1ba966ef0.jpg" class="swiper-lazy" alt=""/></div><div class="box__category-name"><div class="box__category-name-inner"><span class="category_name">패션/언더웨어</span></div></div></a></li><li class="list-item"><a href="best@categoryCode=100002010.html"><div class="img_sec"><img data-src="https://image.gmarket.co.kr/hanbando/202208/30fc0d1d-ea15-4e02-8f50-f144d06423ca.jpg" class="swiper-lazy" alt=""/></div><div class="box__category-name"><div class="box__category-name-inner"><span class="category_name">잡화/슈즈/명품</span></div></div></a></li><li class="list-item"><a href="best@categoryCode=100002011.html"><div class="img_sec"><img data-src="https://image.gmarket.co.kr/hanbando/202208/fa99b668-5f13-496e-a62d-dce329ead7cc.jpg" class="swiper-lazy" alt=""/></div><div class="box__category-name"><div class="box__category-name-inner"><span class="category_name">스포츠/레저/자동차</span></div></div></a></li><li class="list-item"><a href="best@categoryCode=100002012.html"><div class="img_sec"><img data-src="https://image.gmarket.co.kr/hanbando/202208/f38a6d26-1cc0-4b33-bf23-f933c2190252.jpg" class="swiper-lazy" alt=""/></div><div class="box__category-name"><div class="box__category-name-inner"><span class="category_name">디지털/가전</span></div></div></a></li><li class="list-item"><a href="best@categoryCode=100002013.html"><div class="img_sec"><img data-src="https://image.gmarket.co.kr/hanbando/202208/edd14751-f54a-48ff-ae9a-15a33b10c06c.jpg" class="swiper-lazy" alt=""/></div><div class="box__category-name"><div class="box__category-name-inner"><span class="category_name">문구/취미/도서</span></div></div></a></li><li class="list-item"><a href="best.html"><div class="img_sec"><img data-src="//pics.gmarket.co.kr/pc/single/kr/smilefresh/image__category-all.png" class="swiper-lazy" alt=""/></div><div class="box__category-name"><div class="box__category-name-inner"><span class="category_name">전체</span></div></div></a></li><li class="list-item"><a href="best@categoryCode=100000000.html"><div class="img_sec"><img data-src="https://image.gmarket.co.kr/hanbando/202209/2f7e5c38-9606-4f1a-912e-f969e22f430f.jpg" class="swiper-lazy" alt=""/></div><div class="box__category-name"><div class="box__category-name-inner"><span class="category_name">정육/계란</span></div></div></a></li></ul></div><div class="swiper-slide"><ul class="category_slide" aria-label="스마일프레시 베스트 메뉴"><li class="list-item"><a href="best@categoryCode=100001005.html"><div class="img_sec"><img data-src="https://image.gmarket.co.kr/hanbando/202207/efc9fa9b-b4d8-4eb4-b44d-dc8a47a8c00a.jpg" class="swiper-lazy" alt=""/></div><div class="box__category-name"><div class="box__category-name-inner"><span class="category_name">과일</span></div></div></a></li><li class="list-item list-item--active"><a aria-current="page" href="best@categoryCode=100001006.html"><div class="img_sec"><img data-src="https://image.gmarket.co.kr/hanbando/202207/287cdcc7-47f4-4949-8cdf-2bfb4ff5522e.jpg" class="swiper-lazy" alt=""/></div><div class="box__category-name"><div class="box__category-name-inner"><span class="category_name">냉동/간편식</span></div></div></a></li><li class="list-item"><a href="best@categoryCode=100001007.html"><div class="img_sec"><img data-src="https://image.gmarket.co.kr/hanbando/202207/92c7e264-61a8-4e11-ab2b-d3ad8a7b3ab6.jpg" class="swiper-lazy" alt=""/></div><div class="box__category-name"><div class="box__category-name-inner"><span class="category_name">쌀/잡곡</span></div></div></a></li><li class="list-item"><a href="best@categoryCode=100001008.html"><div class="img_sec"><img data-src="https://image.gmarket.co.kr/hanbando/202209/eb8b0652-724b-465a-800a-49436a3f5435.jpg" class="swiper-lazy" alt=""/></div><div class="box__category-name"><div class="box__category-name-inner"><span class="category_name">채소/두부</span></div></div></a></li><li class="list-item"><a href="best@categoryCode=100001010.html"><div class="img_sec"><img data-src="https://image.gmarket.co.kr/hanbando/202207/9ac23369-57e8-4299-889a-4f5360cd3c28.jpg" class="swiper-lazy" alt=""/></div><div class="box__category-name"><div class="box__category-name-inner"><span class="category_name">라면/즉석식품</span></div></div></a></li><li class="list-item"><a href="best@categoryCode=100001032.html"><div class="img_sec"><img data-src="https://image.gmarket.co.kr/hanbando/202207/a28bdf02-b436-4466-88de-d8f11ca54296.jpg" class="swiper-lazy" alt=""/></div><div class="box__category-name"><div class="box__category-name-inner"><span class="category_name">생수/음료</span></div></div></a></li><li class="list-item"><a href="best@categoryCode=100001033.html"><div class="img_sec"><img data-src="https://image.gmarket.co.kr/hanbando/202207/fd43d2b2-4f77-4e2c-b5da-58d24b91d95b.jpg" class="swiper-lazy" alt=""/></div><div class="box__category-name"><div class="box__category-name-inner"><span class="category_name">과자/아이스크림</span></div></div></a></li><li class="list-item"><a href="best@categoryCode=100001034.html"><div class="img_sec"><img data-src="https://image.gmarket.co.kr/hanbando/202207/f5f1f7ed-e6a5-4ecd-ac66-aa87756158c2.jpg" class="swiper-lazy" alt=""/></div><div class="box__category-name"><div class="box__category-name-inner"><span class="category_name">우유/유제품</span></div></div></a></li><li class="list-item"><a href="best@categoryCode=100001035.html"><div class="img_sec"><img data-src="https://image.gmarket.co.kr/hanbando/202207/089a0e40-92de-4a0e-a8cb-2a18f78c5691.jpg" class="swiper-lazy" alt=""/></div><div class="box__category-name"><div class="box__category-name-inner"><span class="category_name">장류/양념</span></div></div></a></li><li class="list-item"><a href="best@categoryCode=100001036.html"><div class="img_sec"><img data-src="https://image.gmarket.co.kr/hanbando/202207/a5b62bcd-46b5-4059-bb1b-e01878b77ef4.jpg" class="swiper-lazy" alt=""/></div><div class="box__category-name"><div class="box__category-name-inner"><span class="category_name">화장지/위생</span></div></div></a></li><li class="list-item"><a href="best@categoryCode=100001037.html"><div class="img_sec"><img data-src="https://image.gmarket.co.kr/hanbando/202207/c5b6a09a-4955-4829-94d6-c62f818f2f34.jpg" class="swiper-lazy" alt=""/></div><div class="box__category-name"><div class="box__category-name-inner"><span class="category_name">커피/차</span></div></div></a></li><li class="list-item"><a href="best@categoryCode=100001038.html"><div class="img_sec"><img data-src="https://image.gmarket.co.kr/hanbando/202207/23143aa7-715d-4778-8b1e-ab87422a8d3a.jpg" class="swiper-lazy" alt=""/></div><div class="box__category-name"><div class="box__category-name-inner"><span class="category_name">수산물</span></div></div></a></li></ul></div><div class="swiper-slide"><ul class="category_slide" aria-label="스마일프레시 베스트 메뉴"><li class="list-item"><a href="best@categoryCode=100001039.html"><div class="img_sec"><img data-src="https://image.gmarket.co.kr/hanbando/202207/85d41348-f077-4b90-b0ff-3599d16216b2.jpg" class="swiper-lazy" alt=""/></div><div class="box__category-name"><div class="box__category-name-inner"><span class="category_name">밀키트/반찬</span></div></div></a></li><li class="list-item"><a href="best@categoryCode=100002000.html"><div class="img_sec"><img data-src="https://image.gmarket.co.kr/hanbando/202208/ea1ecb73-6a2c-45f7-8a89-2e130b634a99.jpg" class="swiper-lazy" alt=""/></div><div class="box__category-name"><div class="box__category-name-inner"><span class="category_name">베이커리/잼</span></div></div></a></li><li class="list-item"><a href="best@categoryCode=100002001.html"><div class="img_sec"><img data-src="https://image.gmarket.co.kr/hanbando/202208/7088de74-301b-48ef-911c-f33ed6a22f9b.jpg" class="swiper-lazy" alt=""/></div><div class="box__category-name"><div class="box__category-name-inner"><span class="category_name">건강식품</span></div></div></a></li><li class="list-item"><a href="best@categoryCode=100002002.html"><div class="img_sec"><img data-src="https://image.gmarket.co.kr/hanbando/202208/39888525-4f61-453f-865c-83b6ca536b58.jpg" class="swiper-lazy" alt=""/></div><div class="box__category-name"><div class="box__category-name-inner"><span class="category_name">세탁/청소/욕실용품</span></div></div></a></li><li class="list-item"><a href="best@categoryCode=100002003.html"><div class="img_sec"><img data-src="https://image.gmarket.co.kr/hanbando/202208/a9484e1d-492e-4ab4-84db-1a387177dcbf.jpg" class="swiper-lazy" alt=""/></div><div class="box__category-name"><div class="box__category-name-inner"><span class="category_name">리빙</span></div></div></a></li><li class="list-item"><a href="best@categoryCode=100002004.html"><div class="img_sec"><img data-src="https://image.gmarket.co.kr/hanbando/202208/e0d7614a-763e-4d90-b696-b20c76e890ca.jpg" class="swiper-lazy" alt=""/></div><div class="box__category-name"><div class="box__category-name-inner"><span class="category_name">주방/일회용품</span></div></div></a></li><li class="list-item"><a href="best@categoryCode=100002005.html"><div class="img_sec"><img data-src="https://image.gmarket.co.kr/hanbando/202208/231a3b36-5d05-467d-a33a-8651b9cf19c6.jpg" class="swiper-lazy" alt=""/></div><div class="box__category-name"><div class="box__category-name-inner"><span class="category_name">생활잡화/공구</span></div></div></a></li><li class="list-item"><a href="best@categoryCode=100002006.html"><div class="img_sec"><img data-src="https://image.gmarket.co.kr/hanbando/202208/692a0b18-2063-4f86-a0af-3f7bbee09696.jpg" class="swiper-lazy" alt=""/></div><div class="box__category-name"><div class="box__category-name-inner"><span class="category_name">반려동물</span></div></div></a></li><li class="list-item"><a href="best@categoryCode=100002007.html"><div class="img_sec"><img data-src="https://image.gmarket.co.kr/hanbando/202208/ba755a2e-4a11-472c-92f0-6b82f671b1f8.jpg" class="swiper-lazy" alt=""/></div><div class="box__category-name"><div class="box__category-name-inner"><span class="category_name">뷰티</span></div></div></a></li><li class="list-item"><a href="best@categoryCode=100002008.html"><div class="img_sec"><img data-src="https://image.gmarket.co.kr/hanbando/202208/fd6fb0fe-4f81-48ea-bec2-5cc37db6fa18.jpg" class="swiper-lazy" alt=""/></div><div class="box__category-name"><div class="box__category-name-inner"><span class="category_name">유아동/출산/완구</span></div></div></a></li><li class="list-item"><a href="best@categoryCode=100002009.html"><div class="img_sec"><img data-src="https://image.gmarket.co.kr/hanbando/202208/315ccf35-b333-4017-b664-ccb1ba966ef0.jpg" class="swiper-lazy" alt=""/></div><div class="box__category-name"><div class="box__category-name-inner"><span class="category_name">패션/언더웨어</span></div></div></a></li><li class="list-item"><a href="best@categoryCode=100002010.html"><div class="img_sec"><img data-src="https://image.gmarket.co.kr/hanbando/202208/30fc0d1d-ea15-4e02-8f50-f144d06423ca.jpg" class="swiper-lazy" alt=""/></div><div class="box__category-name"><div class="box__category-name-inner"><span class="category_name">잡화/슈즈/명품</span></div></div></a></li></ul></div><div class="swiper-slide"><ul class="category_slide" aria-label="스마일프레시 베스트 메뉴"><li class="list-item"><a href="best@categoryCode=100002011.html"><div class="img_sec"><img data-src="https://image.gmarket.co.kr/hanbando/202208/fa99b668-5f13-496e-a62d-dce329ead7cc.jpg" class="swiper-lazy" alt=""/></div><div class="box__category-name"><div class="box__category-name-inner"><span class="category_name">스포츠/레저/자동차</span></div></div></a></li><li class="list-item"><a href="best@categoryCode=100002012.html"><div class="img_sec"><img data-src="https://image.gmarket.co.kr/hanbando/202208/f38a6d26-1cc0-4b33-bf23-f933c2190252.jpg" class="swiper-lazy" alt=""/></div><div class="box__category-name"><div class="box__category-name-inner"><span class="category_name">디지털/가전</span></div></div></a></li><li class="list-item"><a href="best@categoryCode=100002013.html"><div class="img_sec"><img data-src="https://image.gmarket.co.kr/hanbando/202208/edd14751-f54a-48ff-ae9a-15a33b10c06c.jpg" class="swiper-lazy" alt=""/></div><div class="box__category-name"><div class="box__category-name-inner"><span class="category_name">문구/취미/도서</span></div></div></a></li><li class="list-item"><a href="best.html"><div class="img_sec"><img data-src="//pics.gmarket.co.kr/pc/single/kr/smilefresh/image__category-all.png" class="swiper-lazy" alt=""/></div><div class="box__category-name"><div class="box__category-name-inner"><span class="category_name">전체</span></div></div></a></li><li class="list-item"><a href="best@categoryCode=100000000.html"><div class="img_sec"><img data-src="https://image.gmarket.co.kr/hanbando/202209/2f7e5c38-9606-4f1a-912e-f969e22f430f.jpg" class="swiper-lazy" alt=""/></div><div class="box__category-name"><div class="box__category-name-inner"><span class="category_name">정육/계란</span></div></div></a></li><li class="list-item"><a href="best@categoryCode=100001005.html"><div class="img_sec"><img data-src="https://image.gmarket.co.kr/hanbando/202207/efc9fa9b-b4d8-4eb4-b44d-dc8a47a8c00a.jpg" class="swiper-lazy" alt=""/></div><div class="box__category-name"><div class="box__category-name-inner"><span class="category_name">과일</span></div></div></a></li><li class="list-item list-item--active"><a aria-current="page" href="best@categoryCode=100001006.html"><div class="img_sec"><img data-src="https://image.gmarket.co.kr/hanbando/202207/287cdcc7-47f4-4949-8cdf-2bfb4ff5522e.jpg" class="swiper-lazy" alt=""/></div><div class="box__category-name"><div class="box__category-name-inner"><span class="category_name">냉동/간편식</span></div></div></a></li><li class="list-item"><a href="best@categoryCode=100001007.html"><div class="img_sec"><img data-src="https://image.gmarket.co.kr/hanbando/202207/92c7e264-61a8-4e11-ab2b-d3ad8a7b3ab6.jpg" class="swiper-lazy" alt=""/></div><div class="box__category-name"><div class="box__category-name-inner"><span class="category_name">쌀/잡곡</span></div></div></a></li><li class="list-item"><a href="best@categoryCode=100001008.html"><div class="img_sec"><img data-src="https://image.gmarket.co.kr/hanbando/202209/eb8b0652-724b-465a-800a-49436a3f5435.jpg" class="swiper-lazy" alt=""/></div><div class="box__category-name"><div class="box__category-name-inner"><span class="category_name">채소/두부</span></div></div></a></li><li class="list-item"><a href="best@categoryCode=100001010.html"><div class="img_sec"><img data-src="https://image.gmarket.co.kr/hanbando/202207/9ac23369-57e8-4299-889a-4f5360cd3c28.jpg" class="swiper-lazy" alt=""/></div><div class="box__category-name"><div class="box__category-name-inner"><span class="category_name">라면/즉석식품</span></div></div></a></li><li class="list-item"><a href="best@categoryCode=100001032.html"><div class="img_sec"><img data-src="https://image.gmarket.co.kr/hanbando/202207/a28bdf02-b436-4466-88de-d8f11ca54296.jpg" class="swiper-lazy" alt=""/></div><div class="box__category-name"><div class="box__category-name-inner"><span class="category_name">생수/음료</span></div></div></a></li><li class="list-item"><a href="best@categoryCode=100001033.html"><div class="img_sec"><img data-src="https://image.gmarket.co.kr/hanbando/202207/fd43d2b2-4f77-4e2c-b5da-58d24b91d95b.jpg" class="swiper-lazy" alt=""/></div><div class="box__category-name"><div class="box__category-name-inner"><span class="category_name">과자/아이스크림</span></div></div></a></li></ul></div><div class="swiper-slide"><ul class="category_slide" aria-label="스마일프레시 베스트 메뉴"><li class="list-item"><a href="best@categoryCode=100001034.html"><div class="img_sec"><img data-src="https://image.gmarket.co.kr/hanbando/202207/f5f1f7ed-e6a5-4ecd-ac66-aa87756158c2.jpg" class="swiper-lazy" alt=""/></div><div class="box__category-name"><div class="box__category-name-inner"><span class="category_name">우유/유제품</span></div></div></a></li><li class="list-item"><a href="best@categoryCode=100001035.html"><div class="img_sec"><img data-src="https://image.gmarket.co.kr/hanbando/202207/089a0e40-92de-4a0e-a8cb-2a18f78c5691.jpg" class="swiper-lazy" alt=""/></div><div class="box__category-name"><div class="box__category-name-inner"><span class="category_name">장류/양념</span></div></div></a></li><li class="list-item"><a href="best@categoryCode=100001036.html"><div class="img_sec"><img data-src="https://image.gmarket.co.kr/hanbando/202207/a5b62bcd-46b5-4059-bb1b-e01878b77ef4.jpg" class="swiper-lazy" alt=""/></div><div class="box__category-name"><div class="box__category-name-inner"><span class="category_name">화장지/위생</span></div></div></a></li><li class="list-item"><a href="best@categoryCode=100001037.html"><div class="img_sec"><img data-src="https://image.gmarket.co.kr/hanbando/202207/c5b6a09a-4955-4829-94d6-c62f818f2f34.jpg" class="swiper-lazy" alt=""/></div><div class="box__category-name"><div class="box__category-name-inner"><span class="category_name">커피/차</span></div></div></a></li><li class="list-item"><a href="best@categoryCode=100001038.html"><div class="img_sec"><img data-src="https://image.gmarket.co.kr/hanbando/202207/23143aa7-715d-4778-8b1e-ab87422a8d3a.jpg" class="swiper-lazy" alt=""/></div><div class="box__category-name"><div class="box__category-name-inner"><span class="category_name">수산물</span></div></div></a></li><li class="list-item"><a href="best@categoryCode=100001039.html"><div class="img_sec"><img data-src="https://image.gmarket.co.kr/hanbando/202207/85d41348-f077-4b90-b0ff-3599d16216b2.jpg" class="swiper-lazy" alt=""/></div><div class="box__category-name"><div class="box__category-name-inner"><span class="category_name">밀키트/반찬</span></div></div></a></li><li class="list-item"><a href="best@categoryCode=100002000.html"><div class="img_sec"><img data-src="https://image.gmarket.co.kr/hanbando/202208/ea1ecb73-6a2c-45f7-8a89-2e130b634a99.jpg" class="swiper-lazy" alt=""/></div><div class="box__category-name"><div class="box__category-name-inner"><span class="category_name">베이커리/잼</span></div></div></a></li><li class="list-item"><a href="best@categoryCode=100002001.html"><div class="img_sec"><img data-src="https://image.gmarket.co.kr/hanbando/202208/7088de74-301b-48ef-911c-f33ed6a22f9b.jpg" class="swiper-lazy" alt=""/></div><div class="box__category-name"><div class="box__category-name-inner"><span class="category_name">건강식품</span></div></div></a></li><li class="list-item"><a href="best@categoryCode=100002002.html"><div class="img_sec"><img data-src="https://image.gmarket.co.kr/hanbando/202208/39888525-4f61-453f-865c-83b6ca536b58.jpg" class="swiper-lazy" alt=""/></div><div class="box__category-name"><div class="box__category-name-inner"><span class="category_name">세탁/청소/욕실용품</span></div></div></a></li><li class="list-item"><a href="best@categoryCode=100002003.html"><div class="img_sec"><img data-src="https://image.gmarket.co.kr/hanbando/202208/a9484e1d-492e-4ab4-84db-1a387177dcbf.jpg" class="swiper-lazy" alt=""/></div><div class="box__category-name"><div class="box__category-name-inner"><span class="category_name">리빙</span></div></div></a></li><li class="list-item"><a href="best@categoryCode=100002004.html"><div class="img_sec"><img data-src="https://image.gmarket.co.kr/hanbando/202208/e0d7614a-763e-4d90-b696-b20c76e890ca.jpg" class="swiper-lazy" alt=""/></div><div class="box__category-name"><div class="box__category-name-inner"><span class="category_name">주방/일회용품</span></div></div></a></li><li class="list-item"><a href="best@categoryCode=100002005.html"><div class="img_sec"><img data-src="https://image.gmarket.co.kr/hanbando/202208/231a3b36-5d05-467d-a33a-8651b9cf19c6.jpg" class="swiper-lazy" alt=""/></div><div class="box__category-name"><div class="box__category-name-inner"><span class="category_name">생활잡화/공구</span></div></div></a></li></ul></div><div class="swiper-slide"><ul class="category_slide" aria-label="스마일프레시 베스트 메뉴"><li class="list-item"><a href="best@categoryCode=100002006.html"><div class="img_sec"><img data-src="https://image.gmarket.co.kr/hanbando/202208/692a0b18-2063-4f86-a0af-3f7bbee09696.jpg" class="swiper-lazy" alt=""/></div><div class="box__category-name"><div class="box__category-name-inner"><span class="category_name">반려동물</span></div></div></a></li><li class="list-item"><a href="best@categoryCode=100002007.html"><div class="img_sec"><img data-src="https://image.gmarket.co.kr/hanbando/202208/ba755a2e-4a11-472c-92f0-6b82f671b1f8.jpg" class="swiper-lazy" alt=""/></div><div class="box__category-name"><div class="box__category-name-inner"><span class="category_name">뷰티</span></div></div></a></li><li class="list-item"><a href="best@categoryCode=100002008.html"><div class="img_sec"><img data-src="https://image.gmarket.co.kr/hanbando/202208/fd6fb0fe-4f81-48ea-bec2-5cc37db6fa18.jpg" class="swiper-lazy" alt=""/></div><div class="box__category-name"><div class="box__category-name-inner"><span class="category_name">유아동/출산/완구</span></div></div></a></li><li class="list-item"><a href="best@categoryCode=100002009.html"><div class="img_sec"><img data-src="https://image.gmarket.co.kr/hanbando/202208/315ccf35-b333-4017-b664-ccb1ba966ef0.jpg" class="swiper-lazy" alt=""/></div><div class="box__category-name"><div class="box__category-name-inner"><span class="category_name">패션/언더웨어</span></div></div></a></li><li class="list-item"><a href="best@categoryCode=100002010.html"><div class="img_sec"><img data-src="https://image.gmarket.co.kr/hanbando/202208/30fc0d1d-ea15-4e02-8f50-f144d06423ca.jpg" class="swiper-lazy" alt=""/></div><div class="box__category-name"><div class="box__category-name-inner"><span class="category_name">잡화/슈즈/명품</span></div></div></a></li><li class="list-item"><a href="best@categoryCode=100002011.html"><div class="img_sec"><img data-src="https://image.gmarket.co.kr/hanbando/202208/fa99b668-5f13-496e-a62d-dce329ead7cc.jpg" class="swiper-lazy" alt=""/></div><div class="box__category-name"><div class="box__category-name-inner"><span class="category_name">스포츠/레저/자동차</span></div></div></a></li><li class="list-item"><a href="best@categoryCode=100002012.html"><div class="img_sec"><img data-src="https://image.gmarket.co.kr/hanbando/202208/f38a6d26-1cc0-4b33-bf23-f933c2190252.jpg" class="swiper-lazy" alt=""/></div><div class="box__category-name"><div class="box__category-name-inner"><span class="category_name">디지털/가전</span></div></div></a></li><li class="list-item"><a href="best@categoryCode=100002013.html"><div class="img_sec"><img data-src="https://image.gmarket.co.kr/hanbando/202208/edd14751-f54a-48ff-ae9a-15a33b10c06c.jpg" class="swiper-lazy" alt=""/></div><div class="box__category-name"><div class="box__category-name-inner"><span class="category_name">문구/취미/도서</span></div></div></a></li><li class="list-item"><a href="best.html"><div class="img_sec"><img data-src="//pics.gmarket.co.kr/pc/single/kr/smilefresh/image__category-all.png" class="swiper-lazy" alt=""/></div><div class="box__category-name"><div class="box__category-name-inner"><span class="category_name">전체</span></div></div></a></li><li class="list-item"><a href="best@categoryCode=100000000.html"><div class="img_sec"><img data-src="https://image.gmarket.co.kr/hanbando/202209/2f7e5c38-9606-4f1a-912e-f969e22f430f.jpg" class="swiper-lazy" alt=""/></div><div class="box__category-name"><div class="box__category-name-inner"><span class="category_name">정육/계란</span></div></div></a></li><li class="list-item"><a href="best@categoryCode=100001005.html"><div class="img_sec"><img data-src="https://image.gmarket.co.kr/hanbando/202207/efc9fa9b-b4d8-4eb4-b44d-dc8a47a8c00a.jpg" class="swiper-lazy" alt=""/></div><div class="box__category-name"><div class="box__category-name-inner"><span class="category_name">과일</span></div></div></a></li><li class="list-item list-item--active"><a aria-current="page" href="best@categoryCode=100001006.html"><div class="img_sec"><img data-src="https://image.gmarket.co.kr/hanbando/202207/287cdcc7-47f4-4949-8cdf-2bfb4ff5522e.jpg" class="swiper-lazy" alt=""/></div><div class="box__category-name"><div class="box__category-name-inner"><span class="category_name">냉동/간편식</span></div></div></a></li></ul></div><div class="swiper-slide"><ul class="category_slide" aria-label="스마일프레시 베스트 메뉴"><li class="list-item"><a href="best@categoryCode=100001007.html"><div class="img_sec"><img data-src="https://image.gmarket.co.kr/hanbando/202207/92c7e264-61a8-4e11-ab2b-d3ad8a7b3ab6.jpg" class="swiper-lazy" alt=""/></div><div class="box__category-name"><div class="box__category-name-inner"><span class="category_name">쌀/잡곡</span></div></div></a></li><li class="list-item"><a href="best@categoryCode=100001008.html"><div class="img_sec"><img data-src="https://image.gmarket.co.kr/hanbando/202209/eb8b0652-724b-465a-800a-49436a3f5435.jpg" class="swiper-lazy" alt=""/></div><div class="box__category-name"><div class="box__category-name-inner"><span class="category_name">채소/두부</span></div></div></a></li><li class="list-item"><a href="best@categoryCode=100001010.html"><div class="img_sec"><img data-src="https://image.gmarket.co.kr/hanbando/202207/9ac23369-57e8-4299-889a-4f5360cd3c28.jpg" class="swiper-lazy" alt=""/></div><div class="box__category-name"><div class="box__category-name-inner"><span class="category_name">라면/즉석식품</span></div></div></a></li><li class="list-item"><a href="best@categoryCode=100001032.html"><div class="img_sec"><img data-src="https://image.gmarket.co.kr/hanbando/202207/a28bdf02-b436-4466-88de-d8f11ca54296.jpg" class="swiper-lazy" alt=""/></div><div class="box__category-name"><div class="box__category-name-inner"><span class="category_name">생수/음료</span></div></div></a></li><li class="list-item"><a href="best@categoryCode=100001033.html"><div class="img_sec"><img data-src="https://image.gmarket.co.kr/hanbando/202207/fd43d2b2-4f77-4e2c-b5da-58d24b91d95b.jpg" class="swiper-lazy" alt=""/></div><div class="box__category-name"><div class="box__category-name-inner"><span class="category_name">과자/아이스크림</span></div></div></a></li><li class="list-item"><a href="best@categoryCode=100001034.html"><div class="img_sec"><img data-src="https://image.gmarket.co.kr/hanbando/202207/f5f1f7ed-e6a5-4ecd-ac66-aa87756158c2.jpg" class="swiper-lazy" alt=""/></div><div class="box__category-name"><div class="box__category-name-inner"><span class="category_name">우유/유제품</span></div></div></a></li><li class="list-item"><a href="best@categoryCode=100001035.html"><div class="img_sec"><img data-src="https://image.gmarket.co.kr/hanbando/202207/089a0e40-92de-4a0e-a8cb-2a18f78c5691.jpg" class="swiper-lazy" alt=""/></div><div class="box__category-name"><div class="box__category-name-inner"><span class="category_name">장류/양념</span></div></div></a></li><li class="list-item"><a href="best@categoryCode=100001036.html"><div class="img_sec"><img data-src="https://image.gmarket.co.kr/hanbando/202207/a5b62bcd-46b5-4059-bb1b-e01878b77ef4.jpg" class="swiper-lazy" alt=""/></div><div class="box__category-name"><div class="box__category-name-inner"><span class="category_name">화장지/위생</span></div></div></a></li><li class="list-item"><a href="best@categoryCode=100001037.html"><div class="img_sec"><img data-src="https://image.gmarket.co.kr/hanbando/202207/c5b6a09a-4955-4829-94d6-c62f818f2f34.jpg" class="swiper-lazy" alt=""/></div><div class="box__category-name"><div class="box__category-name-inner"><span class="category_name">커피/차</span></div></div></a></li><li class="list-item"><a href="best@categoryCode=100001038.html"><div class="img_sec"><img data-src="https://image.gmarket.co.kr/hanbando/202207/23143aa7-715d-4778-8b1e-ab87422a8d3a.jpg" class="swiper-lazy" alt=""/></div><div class="box__category-name"><div class="box__category-name-inner"><span class="category_name">수산물</span></div></div></a></li><li class="list-item"><a href="best@categoryCode=100001039.html"><div class="img_sec"><img data-src="https://image.gmarket.co.kr/hanbando/202207/85d41348-f077-4b90-b0ff-3599d16216b2.jpg" class="swiper-lazy" alt=""/></div><div class="box__category-name"><div class="box__category-name-inner"><span class="category_name">밀키트/반찬</span></div></div></a></li><li class="list-item"><a href="best@categoryCode=100002000.html"><div class="img_sec"><img data-src="https://image.gmarket.co.kr/hanbando/202208/ea1ecb73-6a2c-45f7-8a89-2e130b634a99.jpg" class="swiper-lazy" alt=""/></div><div class="box__category-name"><div class="box__category-name-inner"><span class="category_name">베이커리/잼</span></div></div></a></li></ul></div><div class="swiper-slide"><ul class="category_slide" aria-label="스마일프레시 베스트 메뉴"><li class="list-item"><a href="best@categoryCode=100002001.html"><div class="img_sec"><img data-src="https://image.gmarket.co.kr/hanbando/202208/7088de74-301b-48ef-911c-f33ed6a22f9b.jpg" class="swiper-lazy" alt=""/></div><div class="box__category-name"><div class="box__category-name-inner"><span class="category_name">건강식품</span></div></div></a></li><li class="list-item"><a href="best@categoryCode=100002002.html"><div class="img_sec"><img data-src="https://image.gmarket.co.kr/hanbando/202208/39888525-4f61-453f-865c-83b6ca536b58.jpg" class="swiper-lazy" alt=""/></div><div class="box__category-name"><div class="box__category-name-inner"><span class="category_name">세탁/청소/욕실용품</span></div></div></a></li><li class="list-item"><a href="best@categoryCode=100002003.html"><div class="img_sec"><img data-src="https://image.gmarket.co.kr/hanbando/202208/a9484e1d-492e-4ab4-84db-1a387177dcbf.jpg" class="swiper-lazy" alt=""/></div><div class="box__category-name"><div class="box__category-name-inner"><span class="category_name">리빙</span></div></div></a></li><li class="list-item"><a href="best@categoryCode=100002004.html"><div class="img_sec"><img data-src="https://image.gmarket.co.kr/hanbando/202208/e0d7614a-763e-4d90-b696-b20c76e890ca.jpg" class="swiper-lazy" alt=""/></div><div class="box__category-name"><div class="box__category-name-inner"><span class="category_name">주방/일회용품</span></div></div></a></li><li class="list-item"><a href="best@categoryCode=100002005.html"><div class="img_sec"><img data-src="https://image.gmarket.co.kr/hanbando/202208/231a3b36-5d05-467d-a33a-8651b9cf19c6.jpg" class="swiper-lazy" alt=""/></div><div class="box__category-name"><div class="box__category-name-inner"><span class="category_name">생활잡화/공구</span></div></div></a></li><li class="list-item"><a href="best@categoryCode=100002006.html"><div class="img_sec"><img data-src="https://image.gmarket.co.kr/hanbando/202208/692a0b18-2063-4f86-a0af-3f7bbee09696.jpg" class="swiper-lazy" alt=""/></div><div class="box__category-name"><div class="box__category-name-inner"><span class="category_name">반려동물</span></div></div></a></li><li class="list-item"><a href="best@categoryCode=100002007.html"><div class="img_sec"><img data-src="https://image.gmarket.co.kr/hanbando/202208/ba755a2e-4a11-472c-92f0-6b82f671b1f8.jpg" class="swiper-lazy" alt=""/></div><div class="box__category-name"><div class="box__category-name-inner"><span class="category_name">뷰티</span></div></div></a></li><li class="list-item"><a href="best@categoryCode=100002008.html"><div class="img_sec"><img data-src="https://image.gmarket.co.kr/hanbando/202208/fd6fb0fe-4f81-48ea-bec2-5cc37db6fa18.jpg" class="swiper-lazy" alt=""/></div><div class="box__category-name"><div class="box__category-name-inner"><span class="category_name">유아동/출산/완구</span></div></div></a></li><li class="list-item"><a href="best@categoryCode=100002009.html"><div class="img_sec"><img data-src="https://image.gmarket.co.kr/hanbando/202208/315ccf35-b333-4017-b664-ccb1ba966ef0.jpg" class="swiper-lazy" alt=""/></div><div class="box__category-name"><div class="box__category-name-inner"><span class="category_name">패션/언더웨어</span></div></div></a></li><li class="list-item"><a href="best@categoryCode=100002010.html"><div class="img_sec"><img data-src="https://image.gmarket.co.kr/hanbando/202208/30fc0d1d-ea15-4e02-8f50-f144d06423ca.jpg" class="swiper-lazy" alt=""/></div><div class="box__category-name"><div class="box__category-name-inner"><span class="category_name">잡화/슈즈/명품</span></div></div></a></li><li class="list-item"><a href="best@categoryCode=100002011.html"><div class="img_sec"><img data-src="https://image.gmarket.co.kr/hanbando/202208/fa99b668-5f13-496e-a62d-dce329ead7cc.jpg" class="swiper-lazy" alt=""/></div><div class="box__category-name"><div class="box__category-name-inner"><span class="category_name">스포츠/레저/자동차</span></div></div></a></li><li class="list-item"><a href="best@categoryCode=100002012.html"><div class="img_sec"><img data-src="https://image.gmarket.co.kr/hanbando/202208/f38a6d26-1cc0-4b33-bf23-f933c2190252.jpg" class="swiper-lazy" alt=""/></div><div class="box__category-name"><div class="box__category-name-inner"><span class="category_name">디지털/가전</span></div></div></a></li></ul></div><div class="swiper-slide"><ul class="category_slide" aria-label="스마일프레시 베스트 메뉴"><li class="list-item"><a href="best@categoryCode=100002013.html"><div class="img_sec"><img data-src="https://image.gmarket.co.kr/hanbando/202208/edd14751-f54a-48ff-ae9a-15a33b10c06c.jpg" class="swiper-lazy" alt=""/></div><div class="box__category-name"><div class="box__category-name-inner"><span class="category_name">문구/취미/도서</span></div></div></a></li><li class="list-item"><a href="best.html"><div class="img_sec"><img data-src="//pics.gmarket.co.kr/pc/single/kr/smilefresh/image__category-all.png" class="swiper-lazy" alt=""/></div><div class="box__category-name"><div class="box__category-name-inner"><span class="category_name">전체</span></div></div></a></li><li class="list-item"><a href="best@categoryCode=100000000.html"><div class="img_sec"><img data-src="https://image.gmarket.co.kr/hanbando/202209/2f7e5c38-9606-4f1a-912e-f969e22f430f.jpg" class="swiper-lazy" alt=""/></div><div class="box__category-name"><div class="box__category-name-inner"><span class="category_name">정육/계란</span></div></div></a></li><li class="list-item"><a href="best@categoryCode=100001005.html"><div class="img_sec"><img data-src="https://image.gmarket.co.kr/hanbando/202207/efc9fa9b-b4d8-4eb4-b44d-dc8a47a8c00a.jpg" class="swiper-lazy" alt=""/></div><div class="box__category-name"><div class="box__category-name-inner"><span class="category_name">과일</span></div></div></a></li><li class="list-item list-item--active"><a aria-current="page" href="best@categoryCode=100001006.html"><div class="img_sec"><img data-src="https://image.gmarket.co.kr/hanbando/202207/287cdcc7-47f4-4949-8cdf-2bfb4ff5522e.jpg" class="swiper-lazy" alt=""/></div><div class="box__category-name"><div class="box__category-name-inner"><span class="category_name">냉동/간편식</span></div></div></a></li><li class="list-item"><a href="best@categoryCode=100001007.html"><div class="img_sec"><img data-src="https://image.gmarket.co.kr/hanbando/202207/92c7e264-61a8-4e11-ab2b-d3ad8a7b3ab6.jpg" class="swiper-lazy" alt=""/></div><div class="box__category-name"><div class="box__category-name-inner"><span class="category_name">쌀/잡곡</span></div></div></a></li><li class="list-item"><a href="best@categoryCode=100001008.html"><div class="img_sec"><img data-src="https://image.gmarket.co.kr/hanbando/202209/eb8b0652-724b-465a-800a-49436a3f5435.jpg" class="swiper-lazy" alt=""/></div><div class="box__category-name"><div class="box__category-name-inner"><span class="category_name">채소/두부</span></div></div></a></li><li class="list-item"><a href="best@categoryCode=100001010.html"><div class="img_sec"><img data-src="https://image.gmarket.co.kr/hanbando/202207/9ac23369-57e8-4299-889a-4f5360cd3c28.jpg" class="swiper-lazy" alt=""/></div><div class="box__category-name"><div class="box__category-name-inner"><span class="category_name">라면/즉석식품</span></div></div></a></li><li class="list-item"><a href="best@categoryCode=100001032.html"><div class="img_sec"><img data-src="https://image.gmarket.co.kr/hanbando/202207/a28bdf02-b436-4466-88de-d8f11ca54296.jpg" class="swiper-lazy" alt=""/></div><div class="box__category-name"><div class="box__category-name-inner"><span class="category_name">생수/음료</span></div></div></a></li><li class="list-item"><a href="best@categoryCode=100001033.html"><div class="img_sec"><img data-src="https://image.gmarket.co.kr/hanbando/202207/fd43d2b2-4f77-4e2c-b5da-58d24b91d95b.jpg" class="swiper-lazy" alt=""/></div><div class="box__category-name"><div class="box__category-name-inner"><span class="category_name">과자/아이스크림</span></div></div></a></li><li class="list-item"><a href="best@categoryCode=100001034.html"><div class="img_sec"><img data-src="https://image.gmarket.co.kr/hanbando/202207/f5f1f7ed-e6a5-4ecd-ac66-aa87756158c2.jpg" class="swiper-lazy" alt=""/></div><div class="box__category-name"><div class="box__category-name-inner"><span class="category_name">우유/유제품</span></div></div></a></li><li class="list-item"><a href="best@categoryCode=100001035.html"><div class="img_sec"><img data-src="https://image.gmarket.co.kr/hanbando/202207/089a0e40-92de-4a0e-a8cb-2a18f78c5691.jpg" class="swiper-lazy" alt=""/></div><div class="box__category-name"><div class="box__category-name-inner"><span class="category_name">장류/양념</span></div></div></a></li></ul></div><div class="swiper-slide"><ul class="category_slide" aria-label="스마일프레시 베스트 메뉴"><li class="list-item"><a href="best@categoryCode=100001036.html"><div class="img_sec"><img data-src="https://image.gmarket.co.kr/hanbando/202207/a5b62bcd-46b5-4059-bb1b-e01878b77ef4.jpg" class="swiper-lazy" alt=""/></div><div class="box__category-name"><div class="box__category-name-inner"><span class="category_name">화장지/위생</span></div></div></a></li><li class="list-item"><a href="best@categoryCode=100001037.html"><div class="img_sec"><img data-src="https://image.gmarket.co.kr/hanbando/202207/c5b6a09a-4955-4829-94d6-c62f818f2f34.jpg" class="swiper-lazy" alt=""/></div><div class="box__category-name"><div class="box__category-name-inner"><span class="category_name">커피/차</span></div></div></a></li><li class="list-item"><a href="best@categoryCode=100001038.html"><div class="img_sec"><img data-src="https://image.gmarket.co.kr/hanbando/202207/23143aa7-715d-4778-8b1e-ab87422a8d3a.jpg" class="swiper-lazy" alt=""/></div><div class="box__category-name"><div class="box__category-name-inner"><span class="category_name">수산물</span></div></div></a></li><li class="list-item"><a href="best@categoryCode=100001039.html"><div class="img_sec"><img data-src="https://image.gmarket.co.kr/hanbando/202207/85d41348-f077-4b90-b0ff-3599d16216b2.jpg" class="swiper-lazy" alt=""/></div><div class="box__category-name"><div class="box__category-name-inner"><span class="category_name">밀키트/반찬</span></div></div></a></li><li class="list-item"><a href="best@categoryCode=100002000.html"><div class="img_sec"><img data-src="https://image.gmarket.co.kr/hanbando/202208/ea1ecb73-6a2c-45f7-8a89-2e130b634a99.jpg" class="swiper-lazy" alt=""/></div><div class="box__category-name"><div class="box__category-name-inner"><span class="category_name">베이커리/잼</span></div></div></a></li><li class="list-item"><a href="best@categoryCode=100002001.html"><div class="img_sec"><img data-src="https://image.gmarket.co.kr/hanbando/202208/7088de74-301b-48ef-911c-f33ed6a22f9b.jpg" class="swiper-lazy" alt=""/></div><div class="box__category-name"><div class="box__category-name-inner"><span class="category_name">건강식품</span></div></div></a></li><li class="list-item"><a href="best@categoryCode=100002002.html"><div class="img_sec"><img data-src="https://image.gmarket.co.kr/hanbando/202208/39888525-4f61-453f-865c-83b6ca536b58.jpg" class="swiper-lazy" alt=""/></div><div class="box__category-name"><div class="box__category-name-inner"><span class="category_name">세탁/청소/욕실용품</span></div></div></a></li><li class="list-item"><a href="best@categoryCode=100002003.html"><div class="img_sec"><img data-src="https://image.gmarket.co.kr/hanbando/202208/a9484e1d-492e-4ab4-84db-1a387177dcbf.jpg" class="swiper-lazy" alt=""/></div><div class="box__category-name"><div class="box__category-name-inner"><span class="category_name">리빙</span></div></div></a></li><li class="list-item"><a href="best@categoryCode=100002004.html"><div class="img_sec"><img data-src="https://image.gmarket.co.kr/hanbando/202208/e0d7614a-763e-4d90-b696-b20c76e890ca.jpg" class="swiper-lazy" alt=""/></div><div class="box__category-name"><div class="box__category-name-inner"><span class="category_name">주방/일회용품</span></div></div></a></li><li class="list-item"><a href="best@categoryCode=100002005.html"><div class="img_sec"><img data-src="https://image.gmarket.co.kr/hanbando/202208/231a3b36-5d05-467d-a33a-8651b9cf19c6.jpg" class="swiper-lazy" alt=""/></div><div class="box__category-name"><div class="box__category-name-inner"><span class="category_name">생활잡화/공구</span></div></div></a></li><li class="list-item"><a href="best@categoryCode=100002006.html"><div class="img_sec"><img data-src="https://image.gmarket.co.kr/hanbando/202208/692a0b18-2063-4f86-a0af-3f7bbee09696.jpg" class="swiper-lazy" alt=""/></div><div class="box__category-name"><div class="box__category-name-inner"><span class="category_name">반려동물</span></div></div></a></li><li class="list-item"><a href="best@categoryCode=100002007.html"><div class="img_sec"><img data-src="https://image.gmarket.co.kr/hanbando/202208/ba755a2e-4a11-472c-92f0-6b82f671b1f8.jpg" class="swiper-lazy" alt=""/></div><div class="box__category-name"><div class="box__category-name-inner"><span class="category_name">뷰티</span></div></div></a></li></ul></div><div class="swiper-slide"><ul class="category_slide" aria-label="스마일프레시 베스트 메뉴"><li class="list-item"><a href="best@categoryCode=100002008.html"><div class="img_sec"><img data-src="https://image.gmarket.co.kr/hanbando/202208/fd6fb0fe-4f81-48ea-bec2-5cc37db6fa18.jpg" class="swiper-lazy" alt=""/></div><div class="box__category-name"><div class="box__category-name-inner"><span class="category_name">유아동/출산/완구</span></div></div></a></li><li class="list-item"><a href="best@categoryCode=100002009.html"><div class="img_sec"><img data-src="https://image.gmarket.co.kr/hanbando/202208/315ccf35-b333-4017-b664-ccb1ba966ef0.jpg" class="swiper-lazy" alt=""/></div><div class="box__category-name"><div class="box__category-name-inner"><span class="category_name">패션/언더웨어</span></div></div></a></li><li class="list-item"><a href="best@categoryCode=100002010.html"><div class="img_sec"><img data-src="https://image.gmarket.co.kr/hanbando/202208/30fc0d1d-ea15-4e02-8f50-f144d06423ca.jpg" class="swiper-lazy" alt=""/></div><div class="box__category-name"><div class="box__category-name-inner"><span class="category_name">잡화/슈즈/명품</span></div></div></a></li><li class="list-item"><a href="best@categoryCode=100002011.html"><div class="img_sec"><img data-src="https://image.gmarket.co.kr/hanbando/202208/fa99b668-5f13-496e-a62d-dce329ead7cc.jpg" class="swiper-lazy" alt=""/></div><div class="box__category-name"><div class="box__category-name-inner"><span class="category_name">스포츠/레저/자동차</span></div></div></a></li><li class="list-item"><a href="best@categoryCode=100002012.html"><div class="img_sec"><img data-src="https://image.gmarket.co.kr/hanbando/202208/f38a6d26-1cc0-4b33-bf23-f933c2190252.jpg" class="swiper-lazy" alt=""/></div><div class="box__category-name"><div class="box__category-name-inner"><span class="category_name">디지털/가전</span></div></div></a></li><li class="list-item"><a href="best@categoryCode=100002013.html"><div class="img_sec"><img data-src="https://image.gmarket.co.kr/hanbando/202208/edd14751-f54a-48ff-ae9a-15a33b10c06c.jpg" class="swiper-lazy" alt=""/></div><div class="box__category-name"><div class="box__category-name-inner"><span class="category_name">문구/취미/도서</span></div></div></a></li><li class="list-item"><a href="best.html"><div class="img_sec"><img data-src="//pics.gmarket.co.kr/pc/single/kr/smilefresh/image__category-all.png" class="swiper-lazy" alt=""/></div><div class="box__category-name"><div class="box__category-name-inner"><span class="category_name">전체</span></div></div></a></li><li class="list-item"><a href="best@categoryCode=100000000.html"><div class="img_sec"><img data-src="https://image.gmarket.co.kr/hanbando/202209/2f7e5c38-9606-4f1a-912e-f969e22f430f.jpg" class="swiper-lazy" alt=""/></div><div class="box__category-name"><div class="box__category-name-inner"><span class="category_name">정육/계란</span></div></div></a></li><li class="list-item"><a href="best@categoryCode=100001005.html"><div class="img_sec"><img data-src="https://image.gmarket.co.kr/hanbando/202207/efc9fa9b-b4d8-4eb4-b44d-dc8a47a8c00a.jpg" class="swiper-lazy" alt=""/></div><div class="box__category-name"><div class="box__category-name-inner"><span class="category_name">과일</span></div></div></a></li><li class="list-item list-item--active"><a aria-current="page" href="best@categoryCode=100001006.html"><div class="img_sec"><img data-src="https://image.gmarket.co.kr/hanbando/202207/287cdcc7-47f4-4949-8cdf-2bfb4ff5522e.jpg" class="swiper-lazy" alt=""/></div><div class="box__category-name"><div class="box__category-name-inner"><span class="category_name">냉동/간편식</span></div></div></a></li><li class="list-item"><a href="best@categoryCode=100001007.html"><div class="img_sec"><img data-src="https://image.gmarket.co.kr/hanbando/202207/92c7e264-61a8-4e11-ab2b-d3ad8a7b3ab6.jpg" class="swiper-lazy" alt=""/></div><div class="box__category-name"><div class="box__category-name-inner"><span class="category_name">쌀/잡곡</span></div></div></a></li><li class="list-item"><a href="best@categoryCode=100001008.html"><div class="img_sec"><img data-src="https://image.gmarket.co.kr/hanbando/202209/eb8b0652-724b-465a-800a-49436a3f5435.jpg" class="swiper-lazy" alt=""/></div><div class="box__category-name"><div class="box__category-name-inner"><span class="category_name">채소/두부</span></div></div></a></li></ul></div><div class="swiper-slide"><ul class="category_slide" aria-label="스마일프레시 베스트 메뉴"><li class="list-item"><a href="best@categoryCode=100001010.html"><div class="img_sec"><img data-src="https://image.gmarket.co.kr/hanbando/202207/9ac23369-57e8-4299-889a-4f5360cd3c28.jpg" class="swiper-lazy" alt=""/></div><div class="box__category-name"><div class="box__category-name-inner"><span class="category_name">라면/즉석식품</span></div></div></a></li><li class="list-item"><a href="best@categoryCode=100001032.html"><div class="img_sec"><img data-src="https://image.gmarket.co.kr/hanbando/202207/a28bdf02-b436-4466-88de-d8f11ca54296.jpg" class="swiper-lazy" alt=""/></div><div class="box__category-name"><div class="box__category-name-inner"><span class="category_name">생수/음료</span></div></div></a></li><li class="list-item"><a href="best@categoryCode=100001033.html"><div class="img_sec"><img data-src="https://image.gmarket.co.kr/hanbando/202207/fd43d2b2-4f77-4e2c-b5da-58d24b91d95b.jpg" class="swiper-lazy" alt=""/></div><div class="box__category-name"><div class="box__category-name-inner"><span class="category_name">과자/아이스크림</span></div></div></a></li><li class="list-item"><a href="best@categoryCode=100001034.html"><div class="img_sec"><img data-src="https://image.gmarket.co.kr/hanbando/202207/f5f1f7ed-e6a5-4ecd-ac66-aa87756158c2.jpg" class="swiper-lazy" alt=""/></div><div class="box__category-name"><div class="box__category-name-inner"><span class="category_name">우유/유제품</span></div></div></a></li><li class="list-item"><a href="best@categoryCode=100001035.html"><div class="img_sec"><img data-src="https://image.gmarket.co.kr/hanbando/202207/089a0e40-92de-4a0e-a8cb-2a18f78c5691.jpg" class="swiper-lazy" alt=""/></div><div class="box__category-name"><div class="box__category-name-inner"><span class="category_name">장류/양념</span></div></div></a></li><li class="list-item"><a href="best@categoryCode=100001036.html"><div class="img_sec"><img data-src="https://image.gmarket.co.kr/hanbando/202207/a5b62bcd-46b5-4059-bb1b-e01878b77ef4.jpg" class="swiper-lazy" alt=""/></div><div class="box__category-name"><div class="box__category-name-inner"><span class="category_name">화장지/위생</span></div></div></a></li><li class="list-item"><a href="best@categoryCode=100001037.html"><div class="img_sec"><img data-src="https://image.gmarket.co.kr/hanbando/202207/c5b6a09a-4955-4829-94d6-c62f818f2f34.jpg" class="swiper-lazy" alt=""/></div><div class="box__category-name"><div class="box__category-name-inner"><span class="category_name">커피/차</span></div></div></a></li><li class="list-item"><a href="best@categoryCode=100001038.html"><div class="img_sec"><img data-src="https://image.gmarket.co.kr/hanbando/202207/23143aa7-715d-4778-8b1e-ab87422a8d3a.jpg" class="swiper-lazy" alt=""/></div><div class="box__category-name"><div class="box__category-name-inner"><span class="category_name">수산물</span></div></div></a></li><li class="list-item"><a href="best@categoryCode=100001039.html"><div class="img_sec"><img data-src="https://image.gmarket.co.kr/hanbando/202207/85d41348-f077-4b90-b0ff-3599d16216b2.jpg" class="swiper-lazy" alt=""/></div><div class="box__category-name"><div class="box__category-name-inner"><span class="category_name">밀키트/반찬</span></div></div></a></li><li class="list-item"><a href="best@categoryCode=100002000.html"><div class="img_sec"><img data-src="https://image.gmarket.co.kr/hanbando/202208/ea1ecb73-6a2c-45f7-8a89-2e130b634a99.jpg" class="swiper-lazy" alt=""/></div><div class="box__category-name"><div class="box__category-name-inner"><span class="category_name">베이커리/잼</span></div></div></a></li><li class="list-item"><a href="best@categoryCode=100002001.html"><div class="img_sec"><img data-src="https://image.gmarket.co.kr/hanbando/202208/7088de74-301b-48ef-911c-f33ed6a22f9b.jpg" class="swiper-lazy" alt=""/></div><div class="box__category-name"><div class="box__category-name-inner"><span class="category_name">건강식품</span></div></div></a></li><li class="list-item"><a href="best@categoryCode=100002002.html"><div class="img_sec"><img data-src="https://image.gmarket.co.kr/hanbando/202208/39888525-4f61-453f-865c-83b6ca536b58.jpg" class="swiper-lazy" alt=""/></div><div class="box__category-name"><div class="box__category-name-inner"><span class="category_name">세탁/청소/욕실용품</span></div></div></a></li></ul></div><div class="swiper-slide"><ul class="category_slide" aria-label="스마일프레시 베스트 메뉴"><li class="list-item"><a href="best@categoryCode=100002003.html"><div class="img_sec"><img data-src="https://image.gmarket.co.kr/hanbando/202208/a9484e1d-492e-4ab4-84db-1a387177dcbf.jpg" class="swiper-lazy" alt=""/></div><div class="box__category-name"><div class="box__category-name-inner"><span class="category_name">리빙</span></div></div></a></li><li class="list-item"><a href="best@categoryCode=100002004.html"><div class="img_sec"><img data-src="https://image.gmarket.co.kr/hanbando/202208/e0d7614a-763e-4d90-b696-b20c76e890ca.jpg" class="swiper-lazy" alt=""/></div><div class="box__category-name"><div class="box__category-name-inner"><span class="category_name">주방/일회용품</span></div></div></a></li><li class="list-item"><a href="best@categoryCode=100002005.html"><div class="img_sec"><img data-src="https://image.gmarket.co.kr/hanbando/202208/231a3b36-5d05-467d-a33a-8651b9cf19c6.jpg" class="swiper-lazy" alt=""/></div><div class="box__category-name"><div class="box__category-name-inner"><span class="category_name">생활잡화/공구</span></div></div></a></li><li class="list-item"><a href="best@categoryCode=100002006.html"><div class="img_sec"><img data-src="https://image.gmarket.co.kr/hanbando/202208/692a0b18-2063-4f86-a0af-3f7bbee09696.jpg" class="swiper-lazy" alt=""/></div><div class="box__category-name"><div class="box__category-name-inner"><span class="category_name">반려동물</span></div></div></a></li><li class="list-item"><a href="best@categoryCode=100002007.html"><div class="img_sec"><img data-src="https://image.gmarket.co.kr/hanbando/202208/ba755a2e-4a11-472c-92f0-6b82f671b1f8.jpg" class="swiper-lazy" alt=""/></div><div class="box__category-name"><div class="box__category-name-inner"><span class="category_name">뷰티</span></div></div></a></li><li class="list-item"><a href="best@categoryCode=100002008.html"><div class="img_sec"><img data-src="https://image.gmarket.co.kr/hanbando/202208/fd6fb0fe-4f81-48ea-bec2-5cc37db6fa18.jpg" class="swiper-lazy" alt=""/></div><div class="box__category-name"><div class="box__category-name-inner"><span class="category_name">유아동/출산/완구</span></div></div></a></li><li class="list-item"><a href="best@categoryCode=100002009.html"><div class="img_sec"><img data-src="https://image.gmarket.co.kr/hanbando/202208/315ccf35-b333-4017-b664-ccb1ba966ef0.jpg" class="swiper-lazy" alt=""/></div><div class="box__category-name"><div class="box__category-name-inner"><span class="category_name">패션/언더웨어</span></div></div></a></li><li class="list-item"><a href="best@categoryCode=100002010.html"><div class="img_sec"><img data-src="https://image.gmarket.co.kr/hanbando/202208/30fc0d1d-ea15-4e02-8f50-f144d06423ca.jpg" class="swiper-lazy" alt=""/></div><div class="box__category-name"><div class="box__category-name-inner"><span class="category_name">잡화/슈즈/명품</span></div></div></a></li><li class="list-item"><a href="best@categoryCode=100002011.html"><div class="img_sec"><img data-src="https://image.gmarket.co.kr/hanbando/202208/fa99b668-5f13-496e-a62d-dce329ead7cc.jpg" class="swiper-lazy" alt=""/></div><div class="box__category-name"><div class="box__category-name-inner"><span class="category_name">스포츠/레저/자동차</span></div></div></a></li><li class="list-item"><a href="best@categoryCode=100002012.html"><div class="img_sec"><img data-src="https://image.gmarket.co.kr/hanbando/202208/f38a6d26-1cc0-4b33-bf23-f933c2190252.jpg" class="swiper-lazy" alt=""/></div><div class="box__category-name"><div class="box__category-name-inner"><span class="category_name">디지털/가전</span></div></div></a></li><li class="list-item"><a href="best@categoryCode=100002013.html"><div class="img_sec"><img data-src="https://image.gmarket.co.kr/hanbando/202208/edd14751-f54a-48ff-ae9a-15a33b10c06c.jpg" class="swiper-lazy" alt=""/></div><div class="box__category-name"><div class="box__category-name-inner"><span class="category_name">문구/취미/도서</span></div></div></a></li><li class="list-item"><a href="best.html"><div class="img_sec"><img data-src="//pics.gmarket.co.kr/pc/single/kr/smilefresh/image__category-all.png" class="swiper-lazy" alt=""/></div><div class="box__category-name"><div class="box__category-name-inner"><span class="category_name">전체</span></div></div></a></li></ul></div><div class="swiper-slide"><ul class="category_slide" aria-label="스마일프레시 베스트 메뉴"><li class="list-item"><a href="best@categoryCode=100000000.html"><div class="img_sec"><img data-src="https://image.gmarket.co.kr/hanbando/202209/2f7e5c38-9606-4f1a-912e-f969e22f430f.jpg" class="swiper-lazy" alt=""/></div><div class="box__category-name"><div class="box__category-name-inner"><span class="category_name">정육/계란</span></div></div></a></li><li class="list-item"><a href="best@categoryCode=100001005.html"><div class="img_sec"><img data-src="https://image.gmarket.co.kr/hanbando/202207/efc9fa9b-b4d8-4eb4-b44d-dc8a47a8c00a.jpg" class="swiper-lazy" alt=""/></div><div class="box__category-name"><div class="box__category-name-inner"><span class="category_name">과일</span></div></div></a></li><li class="list-item list-item--active"><a aria-current="page" href="best@categoryCode=100001006.html"><div class="img_sec"><img data-src="https://image.gmarket.co.kr/hanbando/202207/287cdcc7-47f4-4949-8cdf-2bfb4ff5522e.jpg" class="swiper-lazy" alt=""/></div><div class="box__category-name"><div class="box__category-name-inner"><span class="category_name">냉동/간편식</span></div></div></a></li><li class="list-item"><a href="best@categoryCode=100001007.html"><div class="img_sec"><img data-src="https://image.gmarket.co.kr/hanbando/202207/92c7e264-61a8-4e11-ab2b-d3ad8a7b3ab6.jpg" class="swiper-lazy" alt=""/></div><div class="box__category-name"><div class="box__category-name-inner"><span class="category_name">쌀/잡곡</span></div></div></a></li><li class="list-item"><a href="best@categoryCode=100001008.html"><div class="img_sec"><img data-src="https://image.gmarket.co.kr/hanbando/202209/eb8b0652-724b-465a-800a-49436a3f5435.jpg" class="swiper-lazy" alt=""/></div><div class="box__category-name"><div class="box__category-name-inner"><span class="category_name">채소/두부</span></div></div></a></li><li class="list-item"><a href="best@categoryCode=100001010.html"><div class="img_sec"><img data-src="https://image.gmarket.co.kr/hanbando/202207/9ac23369-57e8-4299-889a-4f5360cd3c28.jpg" class="swiper-lazy" alt=""/></div><div class="box__category-name"><div class="box__category-name-inner"><span class="category_name">라면/즉석식품</span></div></div></a></li><li class="list-item"><a href="best@categoryCode=100001032.html"><div class="img_sec"><img data-src="https://image.gmarket.co.kr/hanbando/202207/a28bdf02-b436-4466-88de-d8f11ca54296.jpg" class="swiper-lazy" alt=""/></div><div class="box__category-name"><div class="box__category-name-inner"><span class="category_name">생수/음료</span></div></div></a></li><li class="list-item"><a href="best@categoryCode=100001033.html"><div class="img_sec"><img data-src="https://image.gmarket.co.kr/hanbando/202207/fd43d2b2-4f77-4e2c-b5da-58d24b91d95b.jpg" class="swiper-lazy" alt=""/></div><div class="box__category-name"><div class="box__category-name-inner"><span class="category_name">과자/아이스크림</span></div></div></a></li><li class="list-item"><a href="best@categoryCode=100001034.html"><div class="img_sec"><img data-src="https://image.gmarket.co.kr/hanbando/202207/f5f1f7ed-e6a5-4ecd-ac66-aa87756158c2.jpg" class="swiper-lazy" alt=""/></div><div class="box__category-name"><div class="box__category-name-inner"><span class="category_name">우유/유제품</span></div></div></a></li><li class="list-item"><a href="best@categoryCode=100001035.html"><div class="img_sec"><img data-src="https://image.gmarket.co.kr/hanbando/202207/089a0e40-92de-4a0e-a8cb-2a18f78c5691.jpg" class="swiper-lazy" alt=""/></div><div class="box__category-name"><div class="box__category-name-inner"><span class="category_name">장류/양념</span></div></div></a></li><li class="list-item"><a href="best@categoryCode=100001036.html"><div class="img_sec"><img data-src="https://image.gmarket.co.kr/hanbando/202207/a5b62bcd-46b5-4059-bb1b-e01878b77ef4.jpg" class="swiper-lazy" alt=""/></div><div class="box__category-name"><div class="box__category-name-inner"><span class="category_name">화장지/위생</span></div></div></a></li><li class="list-item"><a href="best@categoryCode=100001037.html"><div class="img_sec"><img data-src="https://image.gmarket.co.kr/hanbando/202207/c5b6a09a-4955-4829-94d6-c62f818f2f34.jpg" class="swiper-lazy" alt=""/></div><div class="box__category-name"><div class="box__category-name-inner"><span class="category_name">커피/차</span></div></div></a></li></ul></div><div class="swiper-slide"><ul class="category_slide" aria-label="스마일프레시 베스트 메뉴"><li class="list-item"><a href="best@categoryCode=100001038.html"><div class="img_sec"><img data-src="https://image.gmarket.co.kr/hanbando/202207/23143aa7-715d-4778-8b1e-ab87422a8d3a.jpg" class="swiper-lazy" alt=""/></div><div class="box__category-name"><div class="box__category-name-inner"><span class="category_name">수산물</span></div></div></a></li><li class="list-item"><a href="best@categoryCode=100001039.html"><div class="img_sec"><img data-src="https://image.gmarket.co.kr/hanbando/202207/85d41348-f077-4b90-b0ff-3599d16216b2.jpg" class="swiper-lazy" alt=""/></div><div class="box__category-name"><div class="box__category-name-inner"><span class="category_name">밀키트/반찬</span></div></div></a></li><li class="list-item"><a href="best@categoryCode=100002000.html"><div class="img_sec"><img data-src="https://image.gmarket.co.kr/hanbando/202208/ea1ecb73-6a2c-45f7-8a89-2e130b634a99.jpg" class="swiper-lazy" alt=""/></div><div class="box__category-name"><div class="box__category-name-inner"><span class="category_name">베이커리/잼</span></div></div></a></li><li class="list-item"><a href="best@categoryCode=100002001.html"><div class="img_sec"><img data-src="https://image.gmarket.co.kr/hanbando/202208/7088de74-301b-48ef-911c-f33ed6a22f9b.jpg" class="swiper-lazy" alt=""/></div><div class="box__category-name"><div class="box__category-name-inner"><span class="category_name">건강식품</span></div></div></a></li><li class="list-item"><a href="best@categoryCode=100002002.html"><div class="img_sec"><img data-src="https://image.gmarket.co.kr/hanbando/202208/39888525-4f61-453f-865c-83b6ca536b58.jpg" class="swiper-lazy" alt=""/></div><div class="box__category-name"><div class="box__category-name-inner"><span class="category_name">세탁/청소/욕실용품</span></div></div></a></li><li class="list-item"><a href="best@categoryCode=100002003.html"><div class="img_sec"><img data-src="https://image.gmarket.co.kr/hanbando/202208/a9484e1d-492e-4ab4-84db-1a387177dcbf.jpg" class="swiper-lazy" alt=""/></div><div class="box__category-name"><div class="box__category-name-inner"><span class="category_name">리빙</span></div></div></a></li><li class="list-item"><a href="best@categoryCode=100002004.html"><div class="img_sec"><img data-src="https://image.gmarket.co.kr/hanbando/202208/e0d7614a-763e-4d90-b696-b20c76e890ca.jpg" class="swiper-lazy" alt=""/></div><div class="box__category-name"><div class="box__category-name-inner"><span class="category_name">주방/일회용품</span></div></div></a></li><li class="list-item"><a href="best@categoryCode=100002005.html"><div class="img_sec"><img data-src="https://image.gmarket.co.kr/hanbando/202208/231a3b36-5d05-467d-a33a-8651b9cf19c6.jpg" class="swiper-lazy" alt=""/></div><div class="box__category-name"><div class="box__category-name-inner"><span class="category_name">생활잡화/공구</span></div></div></a></li><li class="list-item"><a href="best@categoryCode=100002006.html"><div class="img_sec"><img data-src="https://image.gmarket.co.kr/hanbando/202208/692a0b18-2063-4f86-a0af-3f7bbee09696.jpg" class="swiper-lazy" alt=""/></div><div class="box__category-name"><div class="box__category-name-inner"><span class="category_name">반려동물</span></div></div></a></li><li class="list-item"><a href="best@categoryCode=100002007.html"><div class="img_sec"><img data-src="https://image.gmarket.co.kr/hanbando/202208/ba755a2e-4a11-472c-92f0-6b82f671b1f8.jpg" class="swiper-lazy" alt=""/></div><div class="box__category-name"><div class="box__category-name-inner"><span class="category_name">뷰티</span></div></div></a></li><li class="list-item"><a href="best@categoryCode=100002008.html"><div class="img_sec"><img data-src="https://image.gmarket.co.kr/hanbando/202208/fd6fb0fe-4f81-48ea-bec2-5cc37db6fa18.jpg" class="swiper-lazy" alt=""/></div><div class="box__category-name"><div class="box__category-name-inner"><span class="category_name">유아동/출산/완구</span></div></div></a></li><li class="list-item"><a href="best@categoryCode=100002009.html"><div class="img_sec"><img data-src="https://image.gmarket.co.kr/hanbando/202208/315ccf35-b333-4017-b664-ccb1ba966ef0.jpg" class="swiper-lazy" alt=""/></div><div class="box__category-name"><div class="box__category-name-inner"><span class="category_name">패션/언더웨어</span></div></div></a></li></ul></div><div class="swiper-slide"><ul class="category_slide" aria-label="스마일프레시 베스트 메뉴"><li class="list-item"><a href="best@categoryCode=100002010.html"><div class="img_sec"><img data-src="https://image.gmarket.co.kr/hanbando/202208/30fc0d1d-ea15-4e02-8f50-f144d06423ca.jpg" class="swiper-lazy" alt=""/></div><div class="box__category-name"><div class="box__category-name-inner"><span class="category_name">잡화/슈즈/명품</span></div></div></a></li><li class="list-item"><a href="best@categoryCode=100002011.html"><div class="img_sec"><img data-src="https://image.gmarket.co.kr/hanbando/202208/fa99b668-5f13-496e-a62d-dce329ead7cc.jpg" class="swiper-lazy" alt=""/></div><div class="box__category-name"><div class="box__category-name-inner"><span class="category_name">스포츠/레저/자동차</span></div></div></a></li><li class="list-item"><a href="best@categoryCode=100002012.html"><div class="img_sec"><img data-src="https://image.gmarket.co.kr/hanbando/202208/f38a6d26-1cc0-4b33-bf23-f933c2190252.jpg" class="swiper-lazy" alt=""/></div><div class="box__category-name"><div class="box__category-name-inner"><span class="category_name">디지털/가전</span></div></div></a></li><li class="list-item"><a href="best@categoryCode=100002013.html"><div class="img_sec"><img data-src="https://image.gmarket.co.kr/hanbando/202208/edd14751-f54a-48ff-ae9a-15a33b10c06c.jpg" class="swiper-lazy" alt=""/></div><div class="box__category-name"><div class="box__category-name-inner"><span class="category_name">문구/취미/도서</span></div></div></a></li><li class="list-item"><a href="best.html"><div class="img_sec"><img data-src="//pics.gmarket.co.kr/pc/single/kr/smilefresh/image__category-all.png" class="swiper-lazy" alt=""/></div><div class="box__category-name"><div class="box__category-name-inner"><span class="category_name">전체</span></div></div></a></li><li class="list-item"><a href="best@categoryCode=100000000.html"><div class="img_sec"><img data-src="https://image.gmarket.co.kr/hanbando/202209/2f7e5c38-9606-4f1a-912e-f969e22f430f.jpg" class="swiper-lazy" alt=""/></div><div class="box__category-name"><div class="box__category-name-inner"><span class="category_name">정육/계란</span></div></div></a></li><li class="list-item"><a href="best@categoryCode=100001005.html"><div class="img_sec"><img data-src="https://image.gmarket.co.kr/hanbando/202207/efc9fa9b-b4d8-4eb4-b44d-dc8a47a8c00a.jpg" class="swiper-lazy" alt=""/></div><div class="box__category-name"><div class="box__category-name-inner"><span class="category_name">과일</span></div></div></a></li><li class="list-item list-item--active"><a aria-current="page" href="best@categoryCode=100001006.html"><div class="img_sec"><img data-src="https://image.gmarket.co.kr/hanbando/202207/287cdcc7-47f4-4949-8cdf-2bfb4ff5522e.jpg" class="swiper-lazy" alt=""/></div><div class="box__category-name"><div class="box__category-name-inner"><span class="category_name">냉동/간편식</span></div></div></a></li><li class="list-item"><a href="best@categoryCode=100001007.html"><div class="img_sec"><img data-src="https://image.gmarket.co.kr/hanbando/202207/92c7e264-61a8-4e11-ab2b-d3ad8a7b3ab6.jpg" class="swiper-lazy" alt=""/></div><div class="box__category-name"><div class="box__category-name-inner"><span class="category_name">쌀/잡곡</span></div></div></a></li><li class="list-item"><a href="best@categoryCode=100001008.html"><div class="img_sec"><img data-src="https://image.gmarket.co.kr/hanbando/202209/eb8b0652-724b-465a-800a-49436a3f5435.jpg" class="swiper-lazy" alt=""/></div><div class="box__category-name"><div class="box__category-name-inner"><span class="category_name">채소/두부</span></div></div></a></li><li class="list-item"><a href="best@categoryCode=100001010.html"><div class="img_sec"><img data-src="https://image.gmarket.co.kr/hanbando/202207/9ac23369-57e8-4299-889a-4f5360cd3c28.jpg" class="swiper-lazy" alt=""/></div><div class="box__category-name"><div class="box__category-name-inner"><span class="category_name">라면/즉석식품</span></div></div></a></li><li class="list-item"><a href="best@categoryCode=100001032.html"><div class="img_sec"><img data-src="https://image.gmarket.co.kr/hanbando/202207/a28bdf02-b436-4466-88de-d8f11ca54296.jpg" class="swiper-lazy" alt=""/></div><div class="box__category-name"><div class="box__category-name-inner"><span class="category_name">생수/음료</span></div></div></a></li></ul></div><div class="swiper-slide"><ul class="category_slide" aria-label="스마일프레시 베스트 메뉴"><li class="list-item"><a href="best@categoryCode=100001033.html"><div class="img_sec"><img data-src="https://image.gmarket.co.kr/hanbando/202207/fd43d2b2-4f77-4e2c-b5da-58d24b91d95b.jpg" class="swiper-lazy" alt=""/></div><div class="box__category-name"><div class="box__category-name-inner"><span class="category_name">과자/아이스크림</span></div></div></a></li><li class="list-item"><a href="best@categoryCode=100001034.html"><div class="img_sec"><img data-src="https://image.gmarket.co.kr/hanbando/202207/f5f1f7ed-e6a5-4ecd-ac66-aa87756158c2.jpg" class="swiper-lazy" alt=""/></div><div class="box__category-name"><div class="box__category-name-inner"><span class="category_name">우유/유제품</span></div></div></a></li><li class="list-item"><a href="best@categoryCode=100001035.html"><div class="img_sec"><img data-src="https://image.gmarket.co.kr/hanbando/202207/089a0e40-92de-4a0e-a8cb-2a18f78c5691.jpg" class="swiper-lazy" alt=""/></div><div class="box__category-name"><div class="box__category-name-inner"><span class="category_name">장류/양념</span></div></div></a></li><li class="list-item"><a href="best@categoryCode=100001036.html"><div class="img_sec"><img data-src="https://image.gmarket.co.kr/hanbando/202207/a5b62bcd-46b5-4059-bb1b-e01878b77ef4.jpg" class="swiper-lazy" alt=""/></div><div class="box__category-name"><div class="box__category-name-inner"><span class="category_name">화장지/위생</span></div></div></a></li><li class="list-item"><a href="best@categoryCode=100001037.html"><div class="img_sec"><img data-src="https://image.gmarket.co.kr/hanbando/202207/c5b6a09a-4955-4829-94d6-c62f818f2f34.jpg" class="swiper-lazy" alt=""/></div><div class="box__category-name"><div class="box__category-name-inner"><span class="category_name">커피/차</span></div></div></a></li><li class="list-item"><a href="best@categoryCode=100001038.html"><div class="img_sec"><img data-src="https://image.gmarket.co.kr/hanbando/202207/23143aa7-715d-4778-8b1e-ab87422a8d3a.jpg" class="swiper-lazy" alt=""/></div><div class="box__category-name"><div class="box__category-name-inner"><span class="category_name">수산물</span></div></div></a></li><li class="list-item"><a href="best@categoryCode=100001039.html"><div class="img_sec"><img data-src="https://image.gmarket.co.kr/hanbando/202207/85d41348-f077-4b90-b0ff-3599d16216b2.jpg" class="swiper-lazy" alt=""/></div><div class="box__category-name"><div class="box__category-name-inner"><span class="category_name">밀키트/반찬</span></div></div></a></li><li class="list-item"><a href="best@categoryCode=100002000.html"><div class="img_sec"><img data-src="https://image.gmarket.co.kr/hanbando/202208/ea1ecb73-6a2c-45f7-8a89-2e130b634a99.jpg" class="swiper-lazy" alt=""/></div><div class="box__category-name"><div class="box__category-name-inner"><span class="category_name">베이커리/잼</span></div></div></a></li><li class="list-item"><a href="best@categoryCode=100002001.html"><div class="img_sec"><img data-src="https://image.gmarket.co.kr/hanbando/202208/7088de74-301b-48ef-911c-f33ed6a22f9b.jpg" class="swiper-lazy" alt=""/></div><div class="box__category-name"><div class="box__category-name-inner"><span class="category_name">건강식품</span></div></div></a></li><li class="list-item"><a href="best@categoryCode=100002002.html"><div class="img_sec"><img data-src="https://image.gmarket.co.kr/hanbando/202208/39888525-4f61-453f-865c-83b6ca536b58.jpg" class="swiper-lazy" alt=""/></div><div class="box__category-name"><div class="box__category-name-inner"><span class="category_name">세탁/청소/욕실용품</span></div></div></a></li><li class="list-item"><a href="best@categoryCode=100002003.html"><div class="img_sec"><img data-src="https://image.gmarket.co.kr/hanbando/202208/a9484e1d-492e-4ab4-84db-1a387177dcbf.jpg" class="swiper-lazy" alt=""/></div><div class="box__category-name"><div class="box__category-name-inner"><span class="category_name">리빙</span></div></div></a></li><li class="list-item"><a href="best@categoryCode=100002004.html"><div class="img_sec"><img data-src="https://image.gmarket.co.kr/hanbando/202208/e0d7614a-763e-4d90-b696-b20c76e890ca.jpg" class="swiper-lazy" alt=""/></div><div class="box__category-name"><div class="box__category-name-inner"><span class="category_name">주방/일회용품</span></div></div></a></li></ul></div><div class="swiper-slide"><ul class="category_slide" aria-label="스마일프레시 베스트 메뉴"><li class="list-item"><a href="best@categoryCode=100002005.html"><div class="img_sec"><img data-src="https://image.gmarket.co.kr/hanbando/202208/231a3b36-5d05-467d-a33a-8651b9cf19c6.jpg" class="swiper-lazy" alt=""/></div><div class="box__category-name"><div class="box__category-name-inner"><span class="category_name">생활잡화/공구</span></div></div></a></li><li class="list-item"><a href="best@categoryCode=100002006.html"><div class="img_sec"><img data-src="https://image.gmarket.co.kr/hanbando/202208/692a0b18-2063-4f86-a0af-3f7bbee09696.jpg" class="swiper-lazy" alt=""/></div><div class="box__category-name"><div class="box__category-name-inner"><span class="category_name">반려동물</span></div></div></a></li><li class="list-item"><a href="best@categoryCode=100002007.html"><div class="img_sec"><img data-src="https://image.gmarket.co.kr/hanbando/202208/ba755a2e-4a11-472c-92f0-6b82f671b1f8.jpg" class="swiper-lazy" alt=""/></div><div class="box__category-name"><div class="box__category-name-inner"><span class="category_name">뷰티</span></div></div></a></li><li class="list-item"><a href="best@categoryCode=100002008.html"><div class="img_sec"><img data-src="https://image.gmarket.co.kr/hanbando/202208/fd6fb0fe-4f81-48ea-bec2-5cc37db6fa18.jpg" class="swiper-lazy" alt=""/></div><div class="box__category-name"><div class="box__category-name-inner"><span class="category_name">유아동/출산/완구</span></div></div></a></li><li class="list-item"><a href="best@categoryCode=100002009.html"><div class="img_sec"><img data-src="https://image.gmarket.co.kr/hanbando/202208/315ccf35-b333-4017-b664-ccb1ba966ef0.jpg" class="swiper-lazy" alt=""/></div><div class="box__category-name"><div class="box__category-name-inner"><span class="category_name">패션/언더웨어</span></div></div></a></li><li class="list-item"><a href="best@categoryCode=100002010.html"><div class="img_sec"><img data-src="https://image.gmarket.co.kr/hanbando/202208/30fc0d1d-ea15-4e02-8f50-f144d06423ca.jpg" class="swiper-lazy" alt=""/></div><div class="box__category-name"><div class="box__category-name-inner"><span class="category_name">잡화/슈즈/명품</span></div></div></a></li><li class="list-item"><a href="best@categoryCode=100002011.html"><div class="img_sec"><img data-src="https://image.gmarket.co.kr/hanbando/202208/fa99b668-5f13-496e-a62d-dce329ead7cc.jpg" class="swiper-lazy" alt=""/></div><div class="box__category-name"><div class="box__category-name-inner"><span class="category_name">스포츠/레저/자동차</span></div></div></a></li><li class="list-item"><a href="best@categoryCode=100002012.html"><div class="img_sec"><img data-src="https://image.gmarket.co.kr/hanbando/202208/f38a6d26-1cc0-4b33-bf23-f933c2190252.jpg" class="swiper-lazy" alt=""/></div><div class="box__category-name"><div class="box__category-name-inner"><span class="category_name">디지털/가전</span></div></div></a></li><li class="list-item"><a href="best@categoryCode=100002013.html"><div class="img_sec"><img data-src="https://image.gmarket.co.kr/hanbando/202208/edd14751-f54a-48ff-ae9a-15a33b10c06c.jpg" class="swiper-lazy" alt=""/></div><div class="box__category-name"><div class="box__category-name-inner"><span class="category_name">문구/취미/도서</span></div></div></a></li><li class="list-item"><a href="best.html"><div class="img_sec"><img data-src="//pics.gmarket.co.kr/pc/single/kr/smilefresh/image__category-all.png" class="swiper-lazy" alt=""/></div><div class="box__category-name"><div class="box__category-name-inner"><span class="category_name">전체</span></div></div></a></li><li class="list-item"><a href="best@categoryCode=100000000.html"><div class="img_sec"><img data-src="https://image.gmarket.co.kr/hanbando/202209/2f7e5c38-9606-4f1a-912e-f969e22f430f.jpg" class="swiper-lazy" alt=""/></div><div class="box__category-name"><div class="box__category-name-inner"><span class="category_name">정육/계란</span></div></div></a></li><li class="list-item"><a href="best@categoryCode=100001005.html"><div class="img_sec"><img data-src="https://image.gmarket.co.kr/hanbando/202207/efc9fa9b-b4d8-4eb4-b44d-dc8a47a8c00a.jpg" class="swiper-lazy" alt=""/></div><div class="box__category-name"><div class="box__category-name-inner"><span class="category_name">과일</span></div></div></a></li></ul></div><div class="swiper-slide"><ul class="category_slide" aria-label="스마일프레시 베스트 메뉴"><li class="list-item list-item--active"><a aria-current="page" href="best@categoryCode=100001006.html"><div class="img_sec"><img data-src="https://image.gmarket.co.kr/hanbando/202207/287cdcc7-47f4-4949-8cdf-2bfb4ff5522e.jpg" class="swiper-lazy" alt=""/></div><div class="box__category-name"><div class="box__category-name-inner"><span class="category_name">냉동/간편식</span></div></div></a></li><li class="list-item"><a href="best@categoryCode=100001007.html"><div class="img_sec"><img data-src="https://image.gmarket.co.kr/hanbando/202207/92c7e264-61a8-4e11-ab2b-d3ad8a7b3ab6.jpg" class="swiper-lazy" alt=""/></div><div class="box__category-name"><div class="box__category-name-inner"><span class="category_name">쌀/잡곡</span></div></div></a></li><li class="list-item"><a href="best@categoryCode=100001008.html"><div class="img_sec"><img data-src="https://image.gmarket.co.kr/hanbando/202209/eb8b0652-724b-465a-800a-49436a3f5435.jpg" class="swiper-lazy" alt=""/></div><div class="box__category-name"><div class="box__category-name-inner"><span class="category_name">채소/두부</span></div></div></a></li><li class="list-item"><a href="best@categoryCode=100001010.html"><div class="img_sec"><img data-src="https://image.gmarket.co.kr/hanbando/202207/9ac23369-57e8-4299-889a-4f5360cd3c28.jpg" class="swiper-lazy" alt=""/></div><div class="box__category-name"><div class="box__category-name-inner"><span class="category_name">라면/즉석식품</span></div></div></a></li><li class="list-item"><a href="best@categoryCode=100001032.html"><div class="img_sec"><img data-src="https://image.gmarket.co.kr/hanbando/202207/a28bdf02-b436-4466-88de-d8f11ca54296.jpg" class="swiper-lazy" alt=""/></div><div class="box__category-name"><div class="box__category-name-inner"><span class="category_name">생수/음료</span></div></div></a></li><li class="list-item"><a href="best@categoryCode=100001033.html"><div class="img_sec"><img data-src="https://image.gmarket.co.kr/hanbando/202207/fd43d2b2-4f77-4e2c-b5da-58d24b91d95b.jpg" class="swiper-lazy" alt=""/></div><div class="box__category-name"><div class="box__category-name-inner"><span class="category_name">과자/아이스크림</span></div></div></a></li><li class="list-item"><a href="best@categoryCode=100001034.html"><div class="img_sec"><img data-src="https://image.gmarket.co.kr/hanbando/202207/f5f1f7ed-e6a5-4ecd-ac66-aa87756158c2.jpg" class="swiper-lazy" alt=""/></div><div class="box__category-name"><div class="box__category-name-inner"><span class="category_name">우유/유제품</span></div></div></a></li><li class="list-item"><a href="best@categoryCode=100001035.html"><div class="img_sec"><img data-src="https://image.gmarket.co.kr/hanbando/202207/089a0e40-92de-4a0e-a8cb-2a18f78c5691.jpg" class="swiper-lazy" alt=""/></div><div class="box__category-name"><div class="box__category-name-inner"><span class="category_name">장류/양념</span></div></div></a></li><li class="list-item"><a href="best@categoryCode=100001036.html"><div class="img_sec"><img data-src="https://image.gmarket.co.kr/hanbando/202207/a5b62bcd-46b5-4059-bb1b-e01878b77ef4.jpg" class="swiper-lazy" alt=""/></div><div class="box__category-name"><div class="box__category-name-inner"><span class="category_name">화장지/위생</span></div></div></a></li><li class="list-item"><a href="best@categoryCode=100001037.html"><div class="img_sec"><img data-src="https://image.gmarket.co.kr/hanbando/202207/c5b6a09a-4955-4829-94d6-c62f818f2f34.jpg" class="swiper-lazy" alt=""/></div><div class="box__category-name"><div class="box__category-name-inner"><span class="category_name">커피/차</span></div></div></a></li><li class="list-item"><a href="best@categoryCode=100001038.html"><div class="img_sec"><img data-src="https://image.gmarket.co.kr/hanbando/202207/23143aa7-715d-4778-8b1e-ab87422a8d3a.jpg" class="swiper-lazy" alt=""/></div><div class="box__category-name"><div class="box__category-name-inner"><span class="category_name">수산물</span></div></div></a></li><li class="list-item"><a href="best@categoryCode=100001039.html"><div class="img_sec"><img data-src="https://image.gmarket.co.kr/hanbando/202207/85d41348-f077-4b90-b0ff-3599d16216b2.jpg" class="swiper-lazy" alt=""/></div><div class="box__category-name"><div class="box__category-name-inner"><span class="category_name">밀키트/반찬</span></div></div></a></li></ul></div><div class="swiper-slide"><ul class="category_slide" aria-label="스마일프레시 베스트 메뉴"><li class="list-item"><a href="best@categoryCode=100002000.html"><div class="img_sec"><img data-src="https://image.gmarket.co.kr/hanbando/202208/ea1ecb73-6a2c-45f7-8a89-2e130b634a99.jpg" class="swiper-lazy" alt=""/></div><div class="box__category-name"><div class="box__category-name-inner"><span class="category_name">베이커리/잼</span></div></div></a></li><li class="list-item"><a href="best@categoryCode=100002001.html"><div class="img_sec"><img data-src="https://image.gmarket.co.kr/hanbando/202208/7088de74-301b-48ef-911c-f33ed6a22f9b.jpg" class="swiper-lazy" alt=""/></div><div class="box__category-name"><div class="box__category-name-inner"><span class="category_name">건강식품</span></div></div></a></li><li class="list-item"><a href="best@categoryCode=100002002.html"><div class="img_sec"><img data-src="https://image.gmarket.co.kr/hanbando/202208/39888525-4f61-453f-865c-83b6ca536b58.jpg" class="swiper-lazy" alt=""/></div><div class="box__category-name"><div class="box__category-name-inner"><span class="category_name">세탁/청소/욕실용품</span></div></div></a></li><li class="list-item"><a href="best@categoryCode=100002003.html"><div class="img_sec"><img data-src="https://image.gmarket.co.kr/hanbando/202208/a9484e1d-492e-4ab4-84db-1a387177dcbf.jpg" class="swiper-lazy" alt=""/></div><div class="box__category-name"><div class="box__category-name-inner"><span class="category_name">리빙</span></div></div></a></li><li class="list-item"><a href="best@categoryCode=100002004.html"><div class="img_sec"><img data-src="https://image.gmarket.co.kr/hanbando/202208/e0d7614a-763e-4d90-b696-b20c76e890ca.jpg" class="swiper-lazy" alt=""/></div><div class="box__category-name"><div class="box__category-name-inner"><span class="category_name">주방/일회용품</span></div></div></a></li><li class="list-item"><a href="best@categoryCode=100002005.html"><div class="img_sec"><img data-src="https://image.gmarket.co.kr/hanbando/202208/231a3b36-5d05-467d-a33a-8651b9cf19c6.jpg" class="swiper-lazy" alt=""/></div><div class="box__category-name"><div class="box__category-name-inner"><span class="category_name">생활잡화/공구</span></div></div></a></li><li class="list-item"><a href="best@categoryCode=100002006.html"><div class="img_sec"><img data-src="https://image.gmarket.co.kr/hanbando/202208/692a0b18-2063-4f86-a0af-3f7bbee09696.jpg" class="swiper-lazy" alt=""/></div><div class="box__category-name"><div class="box__category-name-inner"><span class="category_name">반려동물</span></div></div></a></li><li class="list-item"><a href="best@categoryCode=100002007.html"><div class="img_sec"><img data-src="https://image.gmarket.co.kr/hanbando/202208/ba755a2e-4a11-472c-92f0-6b82f671b1f8.jpg" class="swiper-lazy" alt=""/></div><div class="box__category-name"><div class="box__category-name-inner"><span class="category_name">뷰티</span></div></div></a></li><li class="list-item"><a href="best@categoryCode=100002008.html"><div class="img_sec"><img data-src="https://image.gmarket.co.kr/hanbando/202208/fd6fb0fe-4f81-48ea-bec2-5cc37db6fa18.jpg" class="swiper-lazy" alt=""/></div><div class="box__category-name"><div class="box__category-name-inner"><span class="category_name">유아동/출산/완구</span></div></div></a></li><li class="list-item"><a href="best@categoryCode=100002009.html"><div class="img_sec"><img data-src="https://image.gmarket.co.kr/hanbando/202208/315ccf35-b333-4017-b664-ccb1ba966ef0.jpg" class="swiper-lazy" alt=""/></div><div class="box__category-name"><div class="box__category-name-inner"><span class="category_name">패션/언더웨어</span></div></div></a></li><li class="list-item"><a href="best@categoryCode=100002010.html"><div class="img_sec"><img data-src="https://image.gmarket.co.kr/hanbando/202208/30fc0d1d-ea15-4e02-8f50-f144d06423ca.jpg" class="swiper-lazy" alt=""/></div><div class="box__category-name"><div class="box__category-name-inner"><span class="category_name">잡화/슈즈/명품</span></div></div></a></li><li class="list-item"><a href="best@categoryCode=100002011.html"><div class="img_sec"><img data-src="https://image.gmarket.co.kr/hanbando/202208/fa99b668-5f13-496e-a62d-dce329ead7cc.jpg" class="swiper-lazy" alt=""/></div><div class="box__category-name"><div class="box__category-name-inner"><span class="category_name">스포츠/레저/자동차</span></div></div></a></li></ul></div><div class="swiper-slide"><ul class="category_slide" aria-label="스마일프레시 베스트 메뉴"><li class="list-item"><a href="best@categoryCode=100002012.html"><div class="img_sec"><img data-src="https://image.gmarket.co.kr/hanbando/202208/f38a6d26-1cc0-4b33-bf23-f933c2190252.jpg" class="swiper-lazy" alt=""/></div><div class="box__category-name"><div class="box__category-name-inner"><span class="category_name">디지털/가전</span></div></div></a></li><li class="list-item"><a href="best@categoryCode=100002013.html"><div class="img_sec"><img data-src="https://image.gmarket.co.kr/hanbando/202208/edd14751-f54a-48ff-ae9a-15a33b10c06c.jpg" class="swiper-lazy" alt=""/></div><div class="box__category-name"><div class="box__category-name-inner"><span class="category_name">문구/취미/도서</span></div></div></a></li><li class="list-item"><a href="best.html"><div class="img_sec"><img data-src="//pics.gmarket.co.kr/pc/single/kr/smilefresh/image__category-all.png" class="swiper-lazy" alt=""/></div><div class="box__category-name"><div class="box__category-name-inner"><span class="category_name">전체</span></div></div></a></li><li class="list-item"><a href="best@categoryCode=100000000.html"><div class="img_sec"><img data-src="https://image.gmarket.co.kr/hanbando/202209/2f7e5c38-9606-4f1a-912e-f969e22f430f.jpg" class="swiper-lazy" alt=""/></div><div class="box__category-name"><div class="box__category-name-inner"><span class="category_name">정육/계란</span></div></div></a></li><li class="list-item"><a href="best@categoryCode=100001005.html"><div class="img_sec"><img data-src="https://image.gmarket.co.kr/hanbando/202207/efc9fa9b-b4d8-4eb4-b44d-dc8a47a8c00a.jpg" class="swiper-lazy" alt=""/></div><div class="box__category-name"><div class="box__category-name-inner"><span class="category_name">과일</span></div></div></a></li><li class="list-item list-item--active"><a aria-current="page" href="best@categoryCode=100001006.html"><div class="img_sec"><img data-src="https://image.gmarket.co.kr/hanbando/202207/287cdcc7-47f4-4949-8cdf-2bfb4ff5522e.jpg" class="swiper-lazy" alt=""/></div><div class="box__category-name"><div class="box__category-name-inner"><span class="category_name">냉동/간편식</span></div></div></a></li><li class="list-item"><a href="best@categoryCode=100001007.html"><div class="img_sec"><img data-src="https://image.gmarket.co.kr/hanbando/202207/92c7e264-61a8-4e11-ab2b-d3ad8a7b3ab6.jpg" class="swiper-lazy" alt=""/></div><div class="box__category-name"><div class="box__category-name-inner"><span class="category_name">쌀/잡곡</span></div></div></a></li><li class="list-item"><a href="best@categoryCode=100001008.html"><div class="img_sec"><img data-src="https://image.gmarket.co.kr/hanbando/202209/eb8b0652-724b-465a-800a-49436a3f5435.jpg" class="swiper-lazy" alt=""/></div><div class="box__category-name"><div class="box__category-name-inner"><span class="category_name">채소/두부</span></div></div></a></li><li class="list-item"><a href="best@categoryCode=100001010.html"><div class="img_sec"><img data-src="https://image.gmarket.co.kr/hanbando/202207/9ac23369-57e8-4299-889a-4f5360cd3c28.jpg" class="swiper-lazy" alt=""/></div><div class="box__category-name"><div class="box__category-name-inner"><span class="category_name">라면/즉석식품</span></div></div></a></li><li class="list-item"><a href="best@categoryCode=100001032.html"><div class="img_sec"><img data-src="https://image.gmarket.co.kr/hanbando/202207/a28bdf02-b436-4466-88de-d8f11ca54296.jpg" class="swiper-lazy" alt=""/></div><div class="box__category-name"><div class="box__category-name-inner"><span class="category_name">생수/음료</span></div></div></a></li><li class="list-item"><a href="best@categoryCode=100001033.html"><div class="img_sec"><img data-src="https://image.gmarket.co.kr/hanbando/202207/fd43d2b2-4f77-4e2c-b5da-58d24b91d95b.jpg" class="swiper-lazy" alt=""/></div><div class="box__category-name"><div class="box__category-name-inner"><span class="category_name">과자/아이스크림</span></div></div></a></li><li class="list-item"><a href="best@categoryCode=100001034.html"><div class="img_sec"><img data-src="https://image.gmarket.co.kr/hanbando/202207/f5f1f7ed-e6a5-4ecd-ac66-aa87756158c2.jpg" class="swiper-lazy" alt=""/></div><div class="box__category-name"><div class="box__category-name-inner"><span class="category_name">우유/유제품</span></div></div></a></li></ul></div><div class="swiper-slide"><ul class="category_slide" aria-label="스마일프레시 베스트 메뉴"><li class="list-item"><a href="best@categoryCode=100001035.html"><div class="img_sec"><img data-src="https://image.gmarket.co.kr/hanbando/202207/089a0e40-92de-4a0e-a8cb-2a18f78c5691.jpg" class="swiper-lazy" alt=""/></div><div class="box__category-name"><div class="box__category-name-inner"><span class="category_name">장류/양념</span></div></div></a></li><li class="list-item"><a href="best@categoryCode=100001036.html"><div class="img_sec"><img data-src="https://image.gmarket.co.kr/hanbando/202207/a5b62bcd-46b5-4059-bb1b-e01878b77ef4.jpg" class="swiper-lazy" alt=""/></div><div class="box__category-name"><div class="box__category-name-inner"><span class="category_name">화장지/위생</span></div></div></a></li><li class="list-item"><a href="best@categoryCode=100001037.html"><div class="img_sec"><img data-src="https://image.gmarket.co.kr/hanbando/202207/c5b6a09a-4955-4829-94d6-c62f818f2f34.jpg" class="swiper-lazy" alt=""/></div><div class="box__category-name"><div class="box__category-name-inner"><span class="category_name">커피/차</span></div></div></a></li><li class="list-item"><a href="best@categoryCode=100001038.html"><div class="img_sec"><img data-src="https://image.gmarket.co.kr/hanbando/202207/23143aa7-715d-4778-8b1e-ab87422a8d3a.jpg" class="swiper-lazy" alt=""/></div><div class="box__category-name"><div class="box__category-name-inner"><span class="category_name">수산물</span></div></div></a></li><li class="list-item"><a href="best@categoryCode=100001039.html"><div class="img_sec"><img data-src="https://image.gmarket.co.kr/hanbando/202207/85d41348-f077-4b90-b0ff-3599d16216b2.jpg" class="swiper-lazy" alt=""/></div><div class="box__category-name"><div class="box__category-name-inner"><span class="category_name">밀키트/반찬</span></div></div></a></li><li class="list-item"><a href="best@categoryCode=100002000.html"><div class="img_sec"><img data-src="https://image.gmarket.co.kr/hanbando/202208/ea1ecb73-6a2c-45f7-8a89-2e130b634a99.jpg" class="swiper-lazy" alt=""/></div><div class="box__category-name"><div class="box__category-name-inner"><span class="category_name">베이커리/잼</span></div></div></a></li><li class="list-item"><a href="best@categoryCode=100002001.html"><div class="img_sec"><img data-src="https://image.gmarket.co.kr/hanbando/202208/7088de74-301b-48ef-911c-f33ed6a22f9b.jpg" class="swiper-lazy" alt=""/></div><div class="box__category-name"><div class="box__category-name-inner"><span class="category_name">건강식품</span></div></div></a></li><li class="list-item"><a href="best@categoryCode=100002002.html"><div class="img_sec"><img data-src="https://image.gmarket.co.kr/hanbando/202208/39888525-4f61-453f-865c-83b6ca536b58.jpg" class="swiper-lazy" alt=""/></div><div class="box__category-name"><div class="box__category-name-inner"><span class="category_name">세탁/청소/욕실용품</span></div></div></a></li><li class="list-item"><a href="best@categoryCode=100002003.html"><div class="img_sec"><img data-src="https://image.gmarket.co.kr/hanbando/202208/a9484e1d-492e-4ab4-84db-1a387177dcbf.jpg" class="swiper-lazy" alt=""/></div><div class="box__category-name"><div class="box__category-name-inner"><span class="category_name">리빙</span></div></div></a></li><li class="list-item"><a href="best@categoryCode=100002004.html"><div class="img_sec"><img data-src="https://image.gmarket.co.kr/hanbando/202208/e0d7614a-763e-4d90-b696-b20c76e890ca.jpg" class="swiper-lazy" alt=""/></div><div class="box__category-name"><div class="box__category-name-inner"><span class="category_name">주방/일회용품</span></div></div></a></li><li class="list-item"><a href="best@categoryCode=100002005.html"><div class="img_sec"><img data-src="https://image.gmarket.co.kr/hanbando/202208/231a3b36-5d05-467d-a33a-8651b9cf19c6.jpg" class="swiper-lazy" alt=""/></div><div class="box__category-name"><div class="box__category-name-inner"><span class="category_name">생활잡화/공구</span></div></div></a></li><li class="list-item"><a href="best@categoryCode=100002006.html"><div class="img_sec"><img data-src="https://image.gmarket.co.kr/hanbando/202208/692a0b18-2063-4f86-a0af-3f7bbee09696.jpg" class="swiper-lazy" alt=""/></div><div class="box__category-name"><div class="box__category-name-inner"><span class="category_name">반려동물</span></div></div></a></li></ul></div><div class="swiper-slide"><ul class="category_slide" aria-label="스마일프레시 베스트 메뉴"><li class="list-item"><a href="best@categoryCode=100002007.html"><div class="img_sec"><img data-src="https://image.gmarket.co.kr/hanbando/202208/ba755a2e-4a11-472c-92f0-6b82f671b1f8.jpg" class="swiper-lazy" alt=""/></div><div class="box__category-name"><div class="box__category-name-inner"><span class="category_name">뷰티</span></div></div></a></li><li class="list-item"><a href="best@categoryCode=100002008.html"><div class="img_sec"><img data-src="https://image.gmarket.co.kr/hanbando/202208/fd6fb0fe-4f81-48ea-bec2-5cc37db6fa18.jpg" class="swiper-lazy" alt=""/></div><div class="box__category-name"><div class="box__category-name-inner"><span class="category_name">유아동/출산/완구</span></div></div></a></li><li class="list-item"><a href="best@categoryCode=100002009.html"><div class="img_sec"><img data-src="https://image.gmarket.co.kr/hanbando/202208/315ccf35-b333-4017-b664-ccb1ba966ef0.jpg" class="swiper-lazy" alt=""/></div><div class="box__category-name"><div class="box__category-name-inner"><span class="category_name">패션/언더웨어</span></div></div></a></li><li class="list-item"><a href="best@categoryCode=100002010.html"><div class="img_sec"><img data-src="https://image.gmarket.co.kr/hanbando/202208/30fc0d1d-ea15-4e02-8f50-f144d06423ca.jpg" class="swiper-lazy" alt=""/></div><div class="box__category-name"><div class="box__category-name-inner"><span class="category_name">잡화/슈즈/명품</span></div></div></a></li><li class="list-item"><a href="best@categoryCode=100002011.html"><div class="img_sec"><img data-src="https://image.gmarket.co.kr/hanbando/202208/fa99b668-5f13-496e-a62d-dce329ead7cc.jpg" class="swiper-lazy" alt=""/></div><div class="box__category-name"><div class="box__category-name-inner"><span class="category_name">스포츠/레저/자동차</span></div></div></a></li><li class="list-item"><a href="best@categoryCode=100002012.html"><div class="img_sec"><img data-src="https://image.gmarket.co.kr/hanbando/202208/f38a6d26-1cc0-4b33-bf23-f933c2190252.jpg" class="swiper-lazy" alt=""/></div><div class="box__category-name"><div class="box__category-name-inner"><span class="category_name">디지털/가전</span></div></div></a></li><li class="list-item"><a href="best@categoryCode=100002013.html"><div class="img_sec"><img data-src="https://image.gmarket.co.kr/hanbando/202208/edd14751-f54a-48ff-ae9a-15a33b10c06c.jpg" class="swiper-lazy" alt=""/></div><div class="box__category-name"><div class="box__category-name-inner"><span class="category_name">문구/취미/도서</span></div></div></a></li><li class="list-item"><a href="best.html"><div class="img_sec"><img data-src="//pics.gmarket.co.kr/pc/single/kr/smilefresh/image__category-all.png" class="swiper-lazy" alt=""/></div><div class="box__category-name"><div class="box__category-name-inner"><span class="category_name">전체</span></div></div></a></li><li class="list-item"><a href="best@categoryCode=100000000.html"><div class="img_sec"><img data-src="https://image.gmarket.co.kr/hanbando/202209/2f7e5c38-9606-4f1a-912e-f969e22f430f.jpg" class="swiper-lazy" alt=""/></div><div class="box__category-name"><div class="box__category-name-inner"><span class="category_name">정육/계란</span></div></div></a></li><li class="list-item"><a href="best@categoryCode=100001005.html"><div class="img_sec"><img data-src="https://image.gmarket.co.kr/hanbando/202207/efc9fa9b-b4d8-4eb4-b44d-dc8a47a8c00a.jpg" class="swiper-lazy" alt=""/></div><div class="box__category-name"><div class="box__category-name-inner"><span class="category_name">과일</span></div></div></a></li><li class="list-item list-item--active"><a aria-current="page" href="best@categoryCode=100001006.html"><div class="img_sec"><img data-src="https://image.gmarket.co.kr/hanbando/202207/287cdcc7-47f4-4949-8cdf-2bfb4ff5522e.jpg" class="swiper-lazy" alt=""/></div><div class="box__category-name"><div class="box__category-name-inner"><span class="category_name">냉동/간편식</span></div></div></a></li><li class="list-item"><a href="best@categoryCode=100001007.html"><div class="img_sec"><img data-src="https://image.gmarket.co.kr/hanbando/202207/92c7e264-61a8-4e11-ab2b-d3ad8a7b3ab6.jpg" class="swiper-lazy" alt=""/></div><div class="box__category-name"><div class="box__category-name-inner"><span class="category_name">쌀/잡곡</span></div></div></a></li></ul></div><div class="swiper-slide"><ul class="category_slide" aria-label="스마일프레시 베스트 메뉴"><li class="list-item"><a href="best@categoryCode=100001008.html"><div class="img_sec"><img data-src="https://image.gmarket.co.kr/hanbando/202209/eb8b0652-724b-465a-800a-49436a3f5435.jpg" class="swiper-lazy" alt=""/></div><div class="box__category-name"><div class="box__category-name-inner"><span class="category_name">채소/두부</span></div></div></a></li><li class="list-item"><a href="best@categoryCode=100001010.html"><div class="img_sec"><img data-src="https://image.gmarket.co.kr/hanbando/202207/9ac23369-57e8-4299-889a-4f5360cd3c28.jpg" class="swiper-lazy" alt=""/></div><div class="box__category-name"><div class="box__category-name-inner"><span class="category_name">라면/즉석식품</span></div></div></a></li><li class="list-item"><a href="best@categoryCode=100001032.html"><div class="img_sec"><img data-src="https://image.gmarket.co.kr/hanbando/202207/a28bdf02-b436-4466-88de-d8f11ca54296.jpg" class="swiper-lazy" alt=""/></div><div class="box__category-name"><div class="box__category-name-inner"><span class="category_name">생수/음료</span></div></div></a></li><li class="list-item"><a href="best@categoryCode=100001033.html"><div class="img_sec"><img data-src="https://image.gmarket.co.kr/hanbando/202207/fd43d2b2-4f77-4e2c-b5da-58d24b91d95b.jpg" class="swiper-lazy" alt=""/></div><div class="box__category-name"><div class="box__category-name-inner"><span class="category_name">과자/아이스크림</span></div></div></a></li><li class="list-item"><a href="best@categoryCode=100001034.html"><div class="img_sec"><img data-src="https://image.gmarket.co.kr/hanbando/202207/f5f1f7ed-e6a5-4ecd-ac66-aa87756158c2.jpg" class="swiper-lazy" alt=""/></div><div class="box__category-name"><div class="box__category-name-inner"><span class="category_name">우유/유제품</span></div></div></a></li><li class="list-item"><a href="best@categoryCode=100001035.html"><div class="img_sec"><img data-src="https://image.gmarket.co.kr/hanbando/202207/089a0e40-92de-4a0e-a8cb-2a18f78c5691.jpg" class="swiper-lazy" alt=""/></div><div class="box__category-name"><div class="box__category-name-inner"><span class="category_name">장류/양념</span></div></div></a></li><li class="list-item"><a href="best@categoryCode=100001036.html"><div class="img_sec"><img data-src="https://image.gmarket.co.kr/hanbando/202207/a5b62bcd-46b5-4059-bb1b-e01878b77ef4.jpg" class="swiper-lazy" alt=""/></div><div class="box__category-name"><div class="box__category-name-inner"><span class="category_name">화장지/위생</span></div></div></a></li><li class="list-item"><a href="best@categoryCode=100001037.html"><div class="img_sec"><img data-src="https://image.gmarket.co.kr/hanbando/202207/c5b6a09a-4955-4829-94d6-c62f818f2f34.jpg" class="swiper-lazy" alt=""/></div><div class="box__category-name"><div class="box__category-name-inner"><span class="category_name">커피/차</span></div></div></a></li><li class="list-item"><a href="best@categoryCode=100001038.html"><div class="img_sec"><img data-src="https://image.gmarket.co.kr/hanbando/202207/23143aa7-715d-4778-8b1e-ab87422a8d3a.jpg" class="swiper-lazy" alt=""/></div><div class="box__category-name"><div class="box__category-name-inner"><span class="category_name">수산물</span></div></div></a></li><li class="list-item"><a href="best@categoryCode=100001039.html"><div class="img_sec"><img data-src="https://image.gmarket.co.kr/hanbando/202207/85d41348-f077-4b90-b0ff-3599d16216b2.jpg" class="swiper-lazy" alt=""/></div><div class="box__category-name"><div class="box__category-name-inner"><span class="category_name">밀키트/반찬</span></div></div></a></li><li class="list-item"><a href="best@categoryCode=100002000.html"><div class="img_sec"><img data-src="https://image.gmarket.co.kr/hanbando/202208/ea1ecb73-6a2c-45f7-8a89-2e130b634a99.jpg" class="swiper-lazy" alt=""/></div><div class="box__category-name"><div class="box__category-name-inner"><span class="category_name">베이커리/잼</span></div></div></a></li><li class="list-item"><a href="best@categoryCode=100002001.html"><div class="img_sec"><img data-src="https://image.gmarket.co.kr/hanbando/202208/7088de74-301b-48ef-911c-f33ed6a22f9b.jpg" class="swiper-lazy" alt=""/></div><div class="box__category-name"><div class="box__category-name-inner"><span class="category_name">건강식품</span></div></div></a></li></ul></div><div class="swiper-slide"><ul class="category_slide" aria-label="스마일프레시 베스트 메뉴"><li class="list-item"><a href="best@categoryCode=100002002.html"><div class="img_sec"><img data-src="https://image.gmarket.co.kr/hanbando/202208/39888525-4f61-453f-865c-83b6ca536b58.jpg" class="swiper-lazy" alt=""/></div><div class="box__category-name"><div class="box__category-name-inner"><span class="category_name">세탁/청소/욕실용품</span></div></div></a></li><li class="list-item"><a href="best@categoryCode=100002003.html"><div class="img_sec"><img data-src="https://image.gmarket.co.kr/hanbando/202208/a9484e1d-492e-4ab4-84db-1a387177dcbf.jpg" class="swiper-lazy" alt=""/></div><div class="box__category-name"><div class="box__category-name-inner"><span class="category_name">리빙</span></div></div></a></li><li class="list-item"><a href="best@categoryCode=100002004.html"><div class="img_sec"><img data-src="https://image.gmarket.co.kr/hanbando/202208/e0d7614a-763e-4d90-b696-b20c76e890ca.jpg" class="swiper-lazy" alt=""/></div><div class="box__category-name"><div class="box__category-name-inner"><span class="category_name">주방/일회용품</span></div></div></a></li><li class="list-item"><a href="best@categoryCode=100002005.html"><div class="img_sec"><img data-src="https://image.gmarket.co.kr/hanbando/202208/231a3b36-5d05-467d-a33a-8651b9cf19c6.jpg" class="swiper-lazy" alt=""/></div><div class="box__category-name"><div class="box__category-name-inner"><span class="category_name">생활잡화/공구</span></div></div></a></li><li class="list-item"><a href="best@categoryCode=100002006.html"><div class="img_sec"><img data-src="https://image.gmarket.co.kr/hanbando/202208/692a0b18-2063-4f86-a0af-3f7bbee09696.jpg" class="swiper-lazy" alt=""/></div><div class="box__category-name"><div class="box__category-name-inner"><span class="category_name">반려동물</span></div></div></a></li><li class="list-item"><a href="best@categoryCode=100002007.html"><div class="img_sec"><img data-src="https://image.gmarket.co.kr/hanbando/202208/ba755a2e-4a11-472c-92f0-6b82f671b1f8.jpg" class="swiper-lazy" alt=""/></div><div class="box__category-name"><div class="box__category-name-inner"><span class="category_name">뷰티</span></div></div></a></li><li class="list-item"><a href="best@categoryCode=100002008.html"><div class="img_sec"><img data-src="https://image.gmarket.co.kr/hanbando/202208/fd6fb0fe-4f81-48ea-bec2-5cc37db6fa18.jpg" class="swiper-lazy" alt=""/></div><div class="box__category-name"><div class="box__category-name-inner"><span class="category_name">유아동/출산/완구</span></div></div></a></li><li class="list-item"><a href="best@categoryCode=100002009.html"><div class="img_sec"><img data-src="https://image.gmarket.co.kr/hanbando/202208/315ccf35-b333-4017-b664-ccb1ba966ef0.jpg" class="swiper-lazy" alt=""/></div><div class="box__category-name"><div class="box__category-name-inner"><span class="category_name">패션/언더웨어</span></div></div></a></li><li class="list-item"><a href="best@categoryCode=100002010.html"><div class="img_sec"><img data-src="https://image.gmarket.co.kr/hanbando/202208/30fc0d1d-ea15-4e02-8f50-f144d06423ca.jpg" class="swiper-lazy" alt=""/></div><div class="box__category-name"><div class="box__category-name-inner"><span class="category_name">잡화/슈즈/명품</span></div></div></a></li><li class="list-item"><a href="best@categoryCode=100002011.html"><div class="img_sec"><img data-src="https://image.gmarket.co.kr/hanbando/202208/fa99b668-5f13-496e-a62d-dce329ead7cc.jpg" class="swiper-lazy" alt=""/></div><div class="box__category-name"><div class="box__category-name-inner"><span class="category_name">스포츠/레저/자동차</span></div></div></a></li><li class="list-item"><a href="best@categoryCode=100002012.html"><div class="img_sec"><img data-src="https://image.gmarket.co.kr/hanbando/202208/f38a6d26-1cc0-4b33-bf23-f933c2190252.jpg" class="swiper-lazy" alt=""/></div><div class="box__category-name"><div class="box__category-name-inner"><span class="category_name">디지털/가전</span></div></div></a></li><li class="list-item"><a href="best@categoryCode=100002013.html"><div class="img_sec"><img data-src="https://image.gmarket.co.kr/hanbando/202208/edd14751-f54a-48ff-ae9a-15a33b10c06c.jpg" class="swiper-lazy" alt=""/></div><div class="box__category-name"><div class="box__category-name-inner"><span class="category_name">문구/취미/도서</span></div></div></a></li></ul></div></div></div></div><div class="nav"><button type="button" class="sprite__smilefresh swiper-button-prev prev" aria-label="이전 슬라이드"></button><button type="button" class="sprite__smilefresh swiper-button-next next" aria-label="다음 슬라이드"></button></div></div></div></div><div class="box__smilefresh-inner"><div class="box__itemcard"><div class="box__items-list"><ul class="list__itemcard-slide"><li class="list-item"><div class="box__itemcard-container"><div class="box__itemcard-body"><div class="box__itemcard-inner"><span class="box__thumbnail__label">1</span><a class="link__itemcard" href="https://item.gmarket.co.kr/Item?goodscode=2518942856" tabindex="-1" aria-hidden="true"><span class="box__itemcard-img"><img class="image__itemcard no-js-400?ver=1725113927" src="data:image/gif;base64,R0lGODlhAQABAIAAAP///wAAACH5BAEAAAAALAAAAAABAAEAAAICRAEAOw==" alt="다향 훈제오리 슬라이스 (600g) - 상품 이미지"/><noscript><style>.no-js-400?ver=1725113927 { display: none !important; }</style><img class="image__itemcard" src="https://gdimg.gmarket.co.kr/2518942856/still/400?ver=1725113927" alt="다향 훈제오리 슬라이스 (600g) - 상품 이미지"/></noscript></span></a><div class="box__itemcard-info"><div class="box__element-info"><div class="element-info-qty"><button aria-describedby="itemCard_title_2518942856" class="sprite__smilefresh--before element-info-qty-minus" aria-disabled="true"><span class="for-a11y">상품 수 <!-- -->1<!-- --> 감소</span></button><span class="element-info-item-qty" aria-describedby="itemCard_title_2518942856"><span class="for-a11y">선택된 수량</span> <!-- -->1</span><button aria-describedby="itemCard_title_2518942856" class="sprite__smilefresh--before element-info-qty-plus"><span class="for-a11y">상품 수 <!-- -->1<!-- --> 증가</span></button></div><button type="button" class="sprite__smilefresh--before element-info-cart" aria-describedby="itemCard_title_2518942856"><span class="for-a11y">장바구니 담기</span></button></div><a href="https://item.gmarket.co.kr/Item?goodscode=2518942856" class="link__itemcard-info"><span class="box__itemcard-title-area" id="itemCard_title_2518942856"><span class="text__brand"><span class="text">다향오리</span></span><span class="text__title" id="item_title">다향 훈제오리 슬라이스 (600g)</span></span><span class="box__itemcard-price-area"><span class="box__price-seller"><span class="for-a11y">판매가</span><strong class="text__price-seller">11,980</strong><span class="text__unit">원</span></span><span class="box__prime-cost"><span class="for-a11y">원가</span><strong class="text__dc-rate">25<!-- -->%</strong><span class="text__prime-cost">15,980<span class="text__unit">원</span></span></span></span><span class="box__itemcard-info-score"><span class="sprite__smilefresh--before box__score-awards"><span class="for-a11y">평점</span><span class="text text__score">4.8</span><span class="for-a11y">후기</span><span class="text text__num">(4,274)</span><span class="for-a11y">건</span></span><span class="box__score-buycnt"><span class="text text__buy">구매</span><span class="text text__num">16,485</span><span class="for-a11y">건</span></span></span><span class="box__itemcard-benefit-tag"><span class="box__tag box__tag-coupon"><span class="sprite__smilefresh--before box__inner">15% 쿠폰</span></span></span></a><button type="button" class="sprite__smilefresh--after button__favorite-item" aria-describedby="itemCard_title_2518942856" aria-pressed="false" aria-label="관심상품 등록하기"></button></div></div></div></div></li><li class="list-item"><div class="box__itemcard-container"><div class="box__itemcard-body"><div class="box__itemcard-inner"><span class="box__thumbnail__label">2</span><a class="link__itemcard" href="https://item.gmarket.co.kr/Item?goodscode=2522503414" tabindex="-1" aria-hidden="true"><span class="box__itemcard-img"><img class="image__itemcard no-js-400?ver=1725102481" src="data:image/gif;base64,R0lGODlhAQABAIAAAP///wAAACH5BAEAAAAALAAAAAABAAEAAAICRAEAOw==" alt="목우촌 BIG 주부9단 비엔나소시지 1kg - 상품 이미지"/><noscript><style>.no-js-400?ver=1725102481 { display: none !important; }</style><img class="image__itemcard" src="https://gdimg.gmarket.co.kr/2522503414/still/400?ver=1725102481" alt="목우촌 BIG 주부9단 비엔나소시지 1kg - 상품 이미지"/></noscript></span></a><div class="box__itemcard-info"><div class="box__element-info"><div class="element-info-qty"><button aria-describedby="itemCard_title_2522503414" class="sprite__smilefresh--before element-info-qty-minus" aria-disabled="true"><span class="for-a11y">상품 수 <!-- -->1<!-- --> 감소</span></button><span class="element-info-item-qty" aria-describedby="itemCard_title_2522503414"><span class="for-a11y">선택된 수량</span> <!-- -->1</span><button aria-describedby="itemCard_title_2522503414" class="sprite__smilefresh--before element-info-qty-plus"><span class="for-a11y">상품 수 <!-- -->1<!-- --> 증가</span></button></div><button type="button" class="sprite__smilefresh--before element-info-cart" aria-describedby="itemCard_title_2522503414"><span class="for-a11y">장바구니 담기</span></button></div><a href="https://item.gmarket.co.kr/Item?goodscode=2522503414" class="link__itemcard-info"><span class="box__itemcard-title-area" id="itemCard_title_2522503414"><span class="text__brand"><span class="text">목우촌</span></span><span class="text__title" id="item_title">목우촌 BIG 주부9단 비엔나소시지 1kg</span></span><span class="box__itemcard-price-area"><span class="box__price-seller"><span class="for-a11y">판매가</span><strong class="text__price-seller">9,980</strong><span class="text__unit">원</span></span><span class="box__prime-cost"><span class="for-a11y">원가</span><span class="text__unit-cost">(<!-- -->10g당 100원<!-- -->)</span></span></span><span class="box__itemcard-info-score"><span class="sprite__smilefresh--before box__score-awards"><span class="for-a11y">평점</span><span class="text text__score">4.8</span><span class="for-a11y">후기</span><span class="text text__num">(24,091)</span><span class="for-a11y">건</span></span><span class="box__score-buycnt"><span class="text text__buy">구매</span><span class="text text__num">62,826</span><span class="for-a11y">건</span></span></span><span class="box__itemcard-benefit-tag"><span class="box__tag box__tag-coupon"><span class="sprite__smilefresh--before box__inner">15% 쿠폰</span></span></span></a><button type="button" class="sprite__smilefresh--after button__favorite-item" aria-describedby="itemCard_title_2522503414" aria-pressed="false" aria-label="관심상품 등록하기"></button></div></div></div></div></li><li class="list-item"><div class="box__itemcard-container"><div class="box__itemcard-body"><div class="box__itemcard-inner"><span class="box__thumbnail__label">3</span><a class="link__itemcard" href="https://item.gmarket.co.kr/Item?goodscode=2523330599" tabindex="-1" aria-hidden="true"><span class="box__itemcard-img"><img class="image__itemcard no-js-400?ver=1725100157" src="data:image/gif;base64,R0lGODlhAQABAIAAAP///wAAACH5BAEAAAAALAAAAAABAAEAAAICRAEAOw==" alt="노브랜드 크라비 맛살 150g - 상품 이미지"/><noscript><style>.no-js-400?ver=1725100157 { display: none !important; }</style><img class="image__itemcard" src="https://gdimg.gmarket.co.kr/2523330599/still/400?ver=1725100157" alt="노브랜드 크라비 맛살 150g - 상품 이미지"/></noscript></span></a><div class="box__itemcard-info"><div class="box__element-info"><div class="element-info-qty"><button aria-describedby="itemCard_title_2523330599" class="sprite__smilefresh--before element-info-qty-minus" aria-disabled="true"><span class="for-a11y">상품 수 <!-- -->1<!-- --> 감소</span></button><span class="element-info-item-qty" aria-describedby="itemCard_title_2523330599"><span class="for-a11y">선택된 수량</span> <!-- -->1</span><button aria-describedby="itemCard_title_2523330599" class="sprite__smilefresh--before element-info-qty-plus"><span class="for-a11y">상품 수 <!-- -->1<!-- --> 증가</span></button></div><button type="button" class="sprite__smilefresh--before element-info-cart" aria-describedby="itemCard_title_2523330599"><span class="for-a11y">장바구니 담기</span></button></div><a href="https://item.gmarket.co.kr/Item?goodscode=2523330599" class="link__itemcard-info"><span class="box__itemcard-title-area" id="itemCard_title_2523330599"><span class="text__brand"><span class="text">노브랜드</span></span><span class="text__title" id="item_title">노브랜드 크라비 맛살 150g</span></span><span class="box__itemcard-price-area"><span class="box__price-seller"><span class="for-a11y">판매가</span><strong class="text__price-seller">1,880</strong><span class="text__unit">원</span></span><span class="box__prime-cost"><span class="for-a11y">원가</span><span class="text__unit-cost">(<!-- -->10g당 125원<!-- -->)</span></span></span><span class="box__itemcard-info-score"><span class="sprite__smilefresh--before box__score-awards"><span class="for-a11y">평점</span><span class="text text__score">4.8</span><span class="for-a11y">후기</span><span class="text text__num">(22,827)</span><span class="for-a11y">건</span></span><span class="box__score-buycnt"><span class="text text__buy">구매</span><span class="text text__num">97,330</span><span class="for-a11y">건</span></span></span></a><button type="button" class="sprite__smilefresh--after button__favorite-item" aria-describedby="itemCard_title_2523330599" aria-pressed="false" aria-label="관심상품 등록하기"></button></div></div></div></div></li><li class="list-item"><div class="box__itemcard-container"><div class="box__itemcard-body"><div class="box__itemcard-inner"><span class="box__thumbnail__label">4</span><a class="link__itemcard" href="https://item.gmarket.co.kr/Item?goodscode=2519113700" tabindex="-1" aria-hidden="true"><span class="box__itemcard-img"><img class="image__itemcard no-js-400?ver=1725114988" src="data:image/gif;base64,R0lGODlhAQABAIAAAP///wAAACH5BAEAAAAALAAAAAABAAEAAAICRAEAOw==" alt="노브랜드 한입 떡갈비740g - 상품 이미지"/><noscript><style>.no-js-400?ver=1725114988 { display: none !important; }</style><img class="image__itemcard" src="https://gdimg.gmarket.co.kr/2519113700/still/400?ver=1725114988" alt="노브랜드 한입 떡갈비740g - 상품 이미지"/></noscript></span></a><div class="box__itemcard-info"><div class="box__element-info"><div class="element-info-qty"><button aria-describedby="itemCard_title_2519113700" class="sprite__smilefresh--before element-info-qty-minus" aria-disabled="true"><span class="for-a11y">상품 수 <!-- -->1<!-- --> 감소</span></button><span class="element-info-item-qty" aria-describedby="itemCard_title_2519113700"><span class="for-a11y">선택된 수량</span> <!-- -->1</span><button aria-describedby="itemCard_title_2519113700" class="sprite__smilefresh--before element-info-qty-plus"><span class="for-a11y">상품 수 <!-- -->1<!-- --> 증가</span></button></div><button type="button" class="sprite__smilefresh--before element-info-cart" aria-describedby="itemCard_title_2519113700"><span class="for-a11y">장바구니 담기</span></button></div><a href="https://item.gmarket.co.kr/Item?goodscode=2519113700" class="link__itemcard-info"><span class="box__itemcard-title-area" id="itemCard_title_2519113700"><span class="text__brand"><span class="text">노브랜드</span></span><span class="text__title" id="item_title">노브랜드 한입 떡갈비740g</span></span><span class="box__itemcard-price-area"><span class="box__price-seller"><span class="for-a11y">판매가</span><strong class="text__price-seller">6,980</strong><span class="text__unit">원</span></span></span><span class="box__itemcard-info-score"><span class="sprite__smilefresh--before box__score-awards"><span class="for-a11y">평점</span><span class="text text__score">4.8</span><span class="for-a11y">후기</span><span class="text text__num">(9,561)</span><span class="for-a11y">건</span></span><span class="box__score-buycnt"><span class="text text__buy">구매</span><span class="text text__num">29,229</span><span class="for-a11y">건</span></span></span></a><button type="button" class="sprite__smilefresh--after button__favorite-item" aria-describedby="itemCard_title_2519113700" aria-pressed="false" aria-label="관심상품 등록하기"></button></div></div></div></div></li><li class="list-item"><div class="box__itemcard-container"><div class="box__itemcard-body"><div class="box__itemcard-inner"><span class="box__thumbnail__label">5</span><a class="link__itemcard" href="https://item.gmarket.co.kr/Item?goodscode=2522275506" tabindex="-1" aria-hidden="true"><span class="box__itemcard-img"><img class="image__itemcard no-js-400?ver=1725101329" src="data:image/gif;base64,R0lGODlhAQABAIAAAP///wAAACH5BAEAAAAALAAAAAABAAEAAAICRAEAOw==" alt="비비고  왕교자1.12kg - 상품 이미지"/><noscript><style>.no-js-400?ver=1725101329 { display: none !important; }</style><img class="image__itemcard" src="https://gdimg.gmarket.co.kr/2522275506/still/400?ver=1725101329" alt="비비고  왕교자1.12kg - 상품 이미지"/></noscript></span></a><div class="box__itemcard-info"><div class="box__element-info"><div class="element-info-qty"><button aria-describedby="itemCard_title_2522275506" class="sprite__smilefresh--before element-info-qty-minus" aria-disabled="true"><span class="for-a11y">상품 수 <!-- -->1<!-- --> 감소</span></button><span class="element-info-item-qty" aria-describedby="itemCard_title_2522275506"><span class="for-a11y">선택된 수량</span> <!-- -->1</span><button aria-describedby="itemCard_title_2522275506" class="sprite__smilefresh--before element-info-qty-plus"><span class="for-a11y">상품 수 <!-- -->1<!-- --> 증가</span></button></div><button type="button" class="sprite__smilefresh--before element-info-cart" aria-describedby="itemCard_title_2522275506"><span class="for-a11y">장바구니 담기</span></button></div><a href="https://item.gmarket.co.kr/Item?goodscode=2522275506" class="link__itemcard-info"><span class="box__itemcard-title-area" id="itemCard_title_2522275506"><span class="text__brand"><span class="text">비비고</span></span><span class="text__title" id="item_title">비비고  왕교자1.12kg</span></span><span class="box__itemcard-price-area"><span class="box__price-seller"><span class="for-a11y">판매가</span><strong class="text__price-seller">10,480</strong><span class="text__unit">원</span></span></span><span class="box__itemcard-info-score"><span class="sprite__smilefresh--before box__score-awards"><span class="for-a11y">평점</span><span class="text text__score">4.8</span><span class="for-a11y">후기</span><span class="text text__num">(2,951)</span><span class="for-a11y">건</span></span><span class="box__score-buycnt"><span class="text text__buy">구매</span><span class="text text__num">10,701</span><span class="for-a11y">건</span></span></span><span class="box__itemcard-benefit-tag"><span class="box__tag box__tag-coupon"><span class="sprite__smilefresh--before box__inner">15% 쿠폰</span></span></span></a><button type="button" class="sprite__smilefresh--after button__favorite-item" aria-describedby="itemCard_title_2522275506" aria-pressed="false" aria-label="관심상품 등록하기"></button></div></div></div></div></li><li class="list-item"><div class="box__itemcard-container"><div class="box__itemcard-body"><div class="box__itemcard-inner"><span class="box__thumbnail__label">6</span><a class="link__itemcard" href="https://item.gmarket.co.kr/Item?goodscode=2519006638" tabindex="-1" aria-hidden="true"><span class="box__itemcard-img"><img class="image__itemcard no-js-400?ver=1725114823" src="data:image/gif;base64,R0lGODlhAQABAIAAAP///wAAACH5BAEAAAAALAAAAAABAAEAAAICRAEAOw==" alt="노브랜드 물만두1000g - 상품 이미지"/><noscript><style>.no-js-400?ver=1725114823 { display: none !important; }</style><img class="image__itemcard" src="https://gdimg.gmarket.co.kr/2519006638/still/400?ver=1725114823" alt="노브랜드 물만두1000g - 상품 이미지"/></noscript></span></a><div class="box__itemcard-info"><div class="box__element-info"><div class="element-info-qty"><button aria-describedby="itemCard_title_2519006638" class="sprite__smilefresh--before element-info-qty-minus" aria-disabled="true"><span class="for-a11y">상품 수 <!-- -->1<!-- --> 감소</span></button><span class="element-info-item-qty" aria-describedby="itemCard_title_2519006638"><span class="for-a11y">선택된 수량</span> <!-- -->1</span><button aria-describedby="itemCard_title_2519006638" class="sprite__smilefresh--before element-info-qty-plus"><span class="for-a11y">상품 수 <!-- -->1<!-- --> 증가</span></button></div><button type="button" class="sprite__smilefresh--before element-info-cart" aria-describedby="itemCard_title_2519006638"><span class="for-a11y">장바구니 담기</span></button></div><a href="https://item.gmarket.co.kr/Item?goodscode=2519006638" class="link__itemcard-info"><span class="box__itemcard-title-area" id="itemCard_title_2519006638"><span class="text__brand"><span class="text">노브랜드</span></span><span class="text__title" id="item_title">노브랜드 물만두1000g</span></span><span class="box__itemcard-price-area"><span class="box__price-seller"><span class="for-a11y">판매가</span><strong class="text__price-seller">5,580</strong><span class="text__unit">원</span></span></span><span class="box__itemcard-info-score"><span class="sprite__smilefresh--before box__score-awards"><span class="for-a11y">평점</span><span class="text text__score">4.7</span><span class="for-a11y">후기</span><span class="text text__num">(5,843)</span><span class="for-a11y">건</span></span><span class="box__score-buycnt"><span class="text text__buy">구매</span><span class="text text__num">13,979</span><span class="for-a11y">건</span></span></span></a><button type="button" class="sprite__smilefresh--after button__favorite-item" aria-describedby="itemCard_title_2519006638" aria-pressed="false" aria-label="관심상품 등록하기"></button></div></div></div></div></li><li class="list-item"><div class="box__itemcard-container"><div class="box__itemcard-body"><div class="box__itemcard-inner"><span class="box__thumbnail__label">7</span><a class="link__itemcard" href="https://item.gmarket.co.kr/Item?goodscode=2522459097" tabindex="-1" aria-hidden="true"><span class="box__itemcard-img"><img class="image__itemcard no-js-400?ver=1725101652" src="data:image/gif;base64,R0lGODlhAQABAIAAAP///wAAACH5BAEAAAAALAAAAAABAAEAAAICRAEAOw==" alt="CJ 비비고 돼지고기 김치찌개 460g - 상품 이미지"/><noscript><style>.no-js-400?ver=1725101652 { display: none !important; }</style><img class="image__itemcard" src="https://gdimg.gmarket.co.kr/2522459097/still/400?ver=1725101652" alt="CJ 비비고 돼지고기 김치찌개 460g - 상품 이미지"/></noscript></span></a><div class="box__itemcard-info"><div class="box__element-info"><div class="element-info-qty"><button aria-describedby="itemCard_title_2522459097" class="sprite__smilefresh--before element-info-qty-minus" aria-disabled="true"><span class="for-a11y">상품 수 <!-- -->1<!-- --> 감소</span></button><span class="element-info-item-qty" aria-describedby="itemCard_title_2522459097"><span class="for-a11y">선택된 수량</span> <!-- -->1</span><button aria-describedby="itemCard_title_2522459097" class="sprite__smilefresh--before element-info-qty-plus"><span class="for-a11y">상품 수 <!-- -->1<!-- --> 증가</span></button></div><button type="button" class="sprite__smilefresh--before element-info-cart" aria-describedby="itemCard_title_2522459097"><span class="for-a11y">장바구니 담기</span></button></div><a href="https://item.gmarket.co.kr/Item?goodscode=2522459097" class="link__itemcard-info"><span class="box__itemcard-title-area" id="itemCard_title_2522459097"><span class="text__brand"><span class="text">비비고</span></span><span class="text__title" id="item_title">CJ 비비고 돼지고기 김치찌개 460g</span></span><span class="box__itemcard-price-area"><span class="box__price-seller"><span class="for-a11y">판매가</span><strong class="text__price-seller">6,980</strong><span class="text__unit">원</span></span></span><span class="box__itemcard-info-score"><span class="sprite__smilefresh--before box__score-awards"><span class="for-a11y">평점</span><span class="text text__score">4.8</span><span class="for-a11y">후기</span><span class="text text__num">(1,589)</span><span class="for-a11y">건</span></span><span class="box__score-buycnt"><span class="text text__buy">구매</span><span class="text text__num">13,030</span><span class="for-a11y">건</span></span></span><span class="box__itemcard-benefit-tag"><span class="box__tag box__tag-coupon"><span class="sprite__smilefresh--before box__inner">15% 쿠폰</span></span></span></a><button type="button" class="sprite__smilefresh--after button__favorite-item" aria-describedby="itemCard_title_2522459097" aria-pressed="false" aria-label="관심상품 등록하기"></button></div></div></div></div></li><li class="list-item"><div class="box__itemcard-container"><div class="box__itemcard-body"><div class="box__itemcard-inner"><span class="box__thumbnail__label">8</span><a class="link__itemcard" href="https://item.gmarket.co.kr/Item?goodscode=2522726045" tabindex="-1" aria-hidden="true"><span class="box__itemcard-img"><img class="image__itemcard no-js-400?ver=1725104003" src="data:image/gif;base64,R0lGODlhAQABAIAAAP///wAAACH5BAEAAAAALAAAAAABAAEAAAICRAEAOw==" alt="노브랜드 아삭한 쌈무 350g - 상품 이미지"/><noscript><style>.no-js-400?ver=1725104003 { display: none !important; }</style><img class="image__itemcard" src="https://gdimg.gmarket.co.kr/2522726045/still/400?ver=1725104003" alt="노브랜드 아삭한 쌈무 350g - 상품 이미지"/></noscript></span></a><div class="box__itemcard-info"><div class="box__element-info"><div class="element-info-qty"><button aria-describedby="itemCard_title_2522726045" class="sprite__smilefresh--before element-info-qty-minus" aria-disabled="true"><span class="for-a11y">상품 수 <!-- -->1<!-- --> 감소</span></button><span class="element-info-item-qty" aria-describedby="itemCard_title_2522726045"><span class="for-a11y">선택된 수량</span> <!-- -->1</span><button aria-describedby="itemCard_title_2522726045" class="sprite__smilefresh--before element-info-qty-plus"><span class="for-a11y">상품 수 <!-- -->1<!-- --> 증가</span></button></div><button type="button" class="sprite__smilefresh--before element-info-cart" aria-describedby="itemCard_title_2522726045"><span class="for-a11y">장바구니 담기</span></button></div><a href="https://item.gmarket.co.kr/Item?goodscode=2522726045" class="link__itemcard-info"><span class="box__itemcard-title-area" id="itemCard_title_2522726045"><span class="text__brand"><span class="text">노브랜드</span></span><span class="text__title" id="item_title">노브랜드 아삭한 쌈무 350g</span></span><span class="box__itemcard-price-area"><span class="box__price-seller"><span class="for-a11y">판매가</span><strong class="text__price-seller">1,880</strong><span class="text__unit">원</span></span></span><span class="box__itemcard-info-score"><span class="sprite__smilefresh--before box__score-awards"><span class="for-a11y">평점</span><span class="text text__score">4.8</span><span class="for-a11y">후기</span><span class="text text__num">(10,350)</span><span class="for-a11y">건</span></span><span class="box__score-buycnt"><span class="text text__buy">구매</span><span class="text text__num">34,374</span><span class="for-a11y">건</span></span></span></a><button type="button" class="sprite__smilefresh--after button__favorite-item" aria-describedby="itemCard_title_2522726045" aria-pressed="false" aria-label="관심상품 등록하기"></button></div></div></div></div></li><li class="list-item"><div class="box__itemcard-container"><div class="box__itemcard-body"><div class="box__itemcard-inner"><span class="box__thumbnail__label">9</span><a class="link__itemcard" href="https://item.gmarket.co.kr/Item?goodscode=2523418577" tabindex="-1" aria-hidden="true"><span class="box__itemcard-img"><img class="image__itemcard no-js-400?ver=1725099920" src="data:image/gif;base64,R0lGODlhAQABAIAAAP///wAAACH5BAEAAAAALAAAAAABAAEAAAICRAEAOw==" alt="노브랜드 김밥용 맛 단무지 550g - 상품 이미지"/><noscript><style>.no-js-400?ver=1725099920 { display: none !important; }</style><img class="image__itemcard" src="https://gdimg.gmarket.co.kr/2523418577/still/400?ver=1725099920" alt="노브랜드 김밥용 맛 단무지 550g - 상품 이미지"/></noscript></span></a><div class="box__itemcard-info"><div class="box__element-info"><div class="element-info-qty"><button aria-describedby="itemCard_title_2523418577" class="sprite__smilefresh--before element-info-qty-minus" aria-disabled="true"><span class="for-a11y">상품 수 <!-- -->1<!-- --> 감소</span></button><span class="element-info-item-qty" aria-describedby="itemCard_title_2523418577"><span class="for-a11y">선택된 수량</span> <!-- -->1</span><button aria-describedby="itemCard_title_2523418577" class="sprite__smilefresh--before element-info-qty-plus"><span class="for-a11y">상품 수 <!-- -->1<!-- --> 증가</span></button></div><button type="button" class="sprite__smilefresh--before element-info-cart" aria-describedby="itemCard_title_2523418577"><span class="for-a11y">장바구니 담기</span></button></div><a href="https://item.gmarket.co.kr/Item?goodscode=2523418577" class="link__itemcard-info"><span class="box__itemcard-title-area" id="itemCard_title_2523418577"><span class="text__brand"><span class="text">노브랜드</span></span><span class="text__title" id="item_title">노브랜드 김밥용 맛 단무지 550g</span></span><span class="box__itemcard-price-area"><span class="box__price-seller"><span class="for-a11y">판매가</span><strong class="text__price-seller">2,180</strong><span class="text__unit">원</span></span></span><span class="box__itemcard-info-score"><span class="sprite__smilefresh--before box__score-awards"><span class="for-a11y">평점</span><span class="text text__score">4.7</span><span class="for-a11y">후기</span><span class="text text__num">(15,197)</span><span class="for-a11y">건</span></span><span class="box__score-buycnt"><span class="text text__buy">구매</span><span class="text text__num">36,954</span><span class="for-a11y">건</span></span></span></a><button type="button" class="sprite__smilefresh--after button__favorite-item" aria-describedby="itemCard_title_2523418577" aria-pressed="false" aria-label="관심상품 등록하기"></button></div></div></div></div></li><li class="list-item"><div class="box__itemcard-container"><div class="box__itemcard-body"><div class="box__itemcard-inner"><span class="box__thumbnail__label">10</span><a class="link__itemcard" href="https://item.gmarket.co.kr/Item?goodscode=2518559645" tabindex="-1" aria-hidden="true"><span class="box__itemcard-img"><img class="image__itemcard no-js-400?ver=1725108173" src="data:image/gif;base64,R0lGODlhAQABAIAAAP///wAAACH5BAEAAAAALAAAAAABAAEAAAICRAEAOw==" alt="노브랜드 해쉬브라운감자640g - 상품 이미지"/><noscript><style>.no-js-400?ver=1725108173 { display: none !important; }</style><img class="image__itemcard" src="https://gdimg.gmarket.co.kr/2518559645/still/400?ver=1725108173" alt="노브랜드 해쉬브라운감자640g - 상품 이미지"/></noscript></span></a><div class="box__itemcard-info"><div class="box__element-info"><div class="element-info-qty"><button aria-describedby="itemCard_title_2518559645" class="sprite__smilefresh--before element-info-qty-minus" aria-disabled="true"><span class="for-a11y">상품 수 <!-- -->1<!-- --> 감소</span></button><span class="element-info-item-qty" aria-describedby="itemCard_title_2518559645"><span class="for-a11y">선택된 수량</span> <!-- -->1</span><button aria-describedby="itemCard_title_2518559645" class="sprite__smilefresh--before element-info-qty-plus"><span class="for-a11y">상품 수 <!-- -->1<!-- --> 증가</span></button></div><button type="button" class="sprite__smilefresh--before element-info-cart" aria-describedby="itemCard_title_2518559645"><span class="for-a11y">장바구니 담기</span></button></div><a href="https://item.gmarket.co.kr/Item?goodscode=2518559645" class="link__itemcard-info"><span class="box__itemcard-title-area" id="itemCard_title_2518559645"><span class="text__brand"><span class="text">노브랜드</span></span><span class="text__title" id="item_title">노브랜드 해쉬브라운감자640g</span></span><span class="box__itemcard-price-area"><span class="box__price-seller"><span class="for-a11y">판매가</span><strong class="text__price-seller">2,980</strong><span class="text__unit">원</span></span></span><span class="box__itemcard-info-score"><span class="sprite__smilefresh--before box__score-awards"><span class="for-a11y">평점</span><span class="text text__score">4.8</span><span class="for-a11y">후기</span><span class="text text__num">(12,444)</span><span class="for-a11y">건</span></span><span class="box__score-buycnt"><span class="text text__buy">구매</span><span class="text text__num">42,022</span><span class="for-a11y">건</span></span></span></a><button type="button" class="sprite__smilefresh--after button__favorite-item" aria-describedby="itemCard_title_2518559645" aria-pressed="false" aria-label="관심상품 등록하기"></button></div></div></div></div></li><li class="list-item"><div class="box__itemcard-container"><div class="box__itemcard-body"><div class="box__itemcard-inner"><span class="box__thumbnail__label">11</span><a class="link__itemcard" href="https://item.gmarket.co.kr/Item?goodscode=2518445213" tabindex="-1" aria-hidden="true"><span class="box__itemcard-img"><img class="image__itemcard no-js-400?ver=1725088070" src="data:image/gif;base64,R0lGODlhAQABAIAAAP///wAAACH5BAEAAAAALAAAAAABAAEAAAICRAEAOw==" alt="CJ삼호 부산어묵 골드 사각300g - 상품 이미지"/><noscript><style>.no-js-400?ver=1725088070 { display: none !important; }</style><img class="image__itemcard" src="https://gdimg.gmarket.co.kr/2518445213/still/400?ver=1725088070" alt="CJ삼호 부산어묵 골드 사각300g - 상품 이미지"/></noscript></span></a><div class="box__itemcard-info"><div class="box__element-info"><div class="element-info-qty"><button aria-describedby="itemCard_title_2518445213" class="sprite__smilefresh--before element-info-qty-minus" aria-disabled="true"><span class="for-a11y">상품 수 <!-- -->1<!-- --> 감소</span></button><span class="element-info-item-qty" aria-describedby="itemCard_title_2518445213"><span class="for-a11y">선택된 수량</span> <!-- -->1</span><button aria-describedby="itemCard_title_2518445213" class="sprite__smilefresh--before element-info-qty-plus"><span class="for-a11y">상품 수 <!-- -->1<!-- --> 증가</span></button></div><button type="button" class="sprite__smilefresh--before element-info-cart" aria-describedby="itemCard_title_2518445213"><span class="for-a11y">장바구니 담기</span></button></div><a href="https://item.gmarket.co.kr/Item?goodscode=2518445213" class="link__itemcard-info"><span class="box__itemcard-title-area" id="itemCard_title_2518445213"><span class="text__brand"><span class="text">CJ제일제당</span></span><span class="text__title" id="item_title">CJ삼호 부산어묵 골드 사각300g</span></span><span class="box__itemcard-price-area"><span class="box__price-seller"><span class="for-a11y">판매가</span><strong class="text__price-seller">2,540</strong><span class="text__unit">원</span></span><span class="box__prime-cost"><span class="for-a11y">원가</span><span class="text__unit-cost">(<!-- -->10g당 85원<!-- -->)</span></span></span><span class="box__itemcard-info-score"><span class="sprite__smilefresh--before box__score-awards"><span class="for-a11y">평점</span><span class="text text__score">4.8</span><span class="for-a11y">후기</span><span class="text text__num">(6,577)</span><span class="for-a11y">건</span></span><span class="box__score-buycnt"><span class="text text__buy">구매</span><span class="text text__num">19,012</span><span class="for-a11y">건</span></span></span><span class="box__itemcard-benefit-tag"><span class="box__tag box__tag-coupon"><span class="sprite__smilefresh--before box__inner">15% 쿠폰</span></span></span></a><button type="button" class="sprite__smilefresh--after button__favorite-item" aria-describedby="itemCard_title_2518445213" aria-pressed="false" aria-label="관심상품 등록하기"></button></div></div></div></div></li><li class="list-item"><div class="box__itemcard-container"><div class="box__itemcard-body"><div class="box__itemcard-inner"><span class="box__thumbnail__label">12</span><a class="link__itemcard" href="https://item.gmarket.co.kr/Item?goodscode=2518872880" tabindex="-1" aria-hidden="true"><span class="box__itemcard-img"><img class="image__itemcard no-js-400?ver=1725113372" src="data:image/gif;base64,R0lGODlhAQABAIAAAP///wAAACH5BAEAAAAALAAAAAABAAEAAAICRAEAOw==" alt="노브랜드 맛있는 김밥용햄 150g - 상품 이미지"/><noscript><style>.no-js-400?ver=1725113372 { display: none !important; }</style><img class="image__itemcard" src="https://gdimg.gmarket.co.kr/2518872880/still/400?ver=1725113372" alt="노브랜드 맛있는 김밥용햄 150g - 상품 이미지"/></noscript></span></a><div class="box__itemcard-info"><div class="box__element-info"><div class="element-info-qty"><button aria-describedby="itemCard_title_2518872880" class="sprite__smilefresh--before element-info-qty-minus" aria-disabled="true"><span class="for-a11y">상품 수 <!-- -->1<!-- --> 감소</span></button><span class="element-info-item-qty" aria-describedby="itemCard_title_2518872880"><span class="for-a11y">선택된 수량</span> <!-- -->1</span><button aria-describedby="itemCard_title_2518872880" class="sprite__smilefresh--before element-info-qty-plus"><span class="for-a11y">상품 수 <!-- -->1<!-- --> 증가</span></button></div><button type="button" class="sprite__smilefresh--before element-info-cart" aria-describedby="itemCard_title_2518872880"><span class="for-a11y">장바구니 담기</span></button></div><a href="https://item.gmarket.co.kr/Item?goodscode=2518872880" class="link__itemcard-info"><span class="box__itemcard-title-area" id="itemCard_title_2518872880"><span class="text__brand"><span class="text">노브랜드</span></span><span class="text__title" id="item_title">노브랜드 맛있는 김밥용햄 150g</span></span><span class="box__itemcard-price-area"><span class="box__price-seller"><span class="for-a11y">판매가</span><strong class="text__price-seller">1,680</strong><span class="text__unit">원</span></span><span class="box__prime-cost"><span class="for-a11y">원가</span><span class="text__unit-cost">(<!-- -->10g당 112원<!-- -->)</span></span></span><span class="box__itemcard-info-score"><span class="sprite__smilefresh--before box__score-awards"><span class="for-a11y">평점</span><span class="text text__score">4.8</span><span class="for-a11y">후기</span><span class="text text__num">(11,920)</span><span class="for-a11y">건</span></span><span class="box__score-buycnt"><span class="text text__buy">구매</span><span class="text text__num">32,134</span><span class="for-a11y">건</span></span></span></a><button type="button" class="sprite__smilefresh--after button__favorite-item" aria-describedby="itemCard_title_2518872880" aria-pressed="false" aria-label="관심상품 등록하기"></button></div></div></div></div></li><li class="list-item"><div class="box__itemcard-container"><div class="box__itemcard-body"><div class="box__itemcard-inner"><span class="box__thumbnail__label">13</span><a class="link__itemcard" href="https://item.gmarket.co.kr/Item?goodscode=2522500620" tabindex="-1" aria-hidden="true"><span class="box__itemcard-img"><img class="image__itemcard no-js-400?ver=1725102744" src="data:image/gif;base64,R0lGODlhAQABAIAAAP///wAAACH5BAEAAAAALAAAAAABAAEAAAICRAEAOw==" alt="목우촌 BIG 주부9단 두툼프랑크 450g2 - 상품 이미지"/><noscript><style>.no-js-400?ver=1725102744 { display: none !important; }</style><img class="image__itemcard" src="https://gdimg.gmarket.co.kr/2522500620/still/400?ver=1725102744" alt="목우촌 BIG 주부9단 두툼프랑크 450g2 - 상품 이미지"/></noscript></span></a><div class="box__itemcard-info"><div class="box__element-info"><div class="element-info-qty"><button aria-describedby="itemCard_title_2522500620" class="sprite__smilefresh--before element-info-qty-minus" aria-disabled="true"><span class="for-a11y">상품 수 <!-- -->1<!-- --> 감소</span></button><span class="element-info-item-qty" aria-describedby="itemCard_title_2522500620"><span class="for-a11y">선택된 수량</span> <!-- -->1</span><button aria-describedby="itemCard_title_2522500620" class="sprite__smilefresh--before element-info-qty-plus"><span class="for-a11y">상품 수 <!-- -->1<!-- --> 증가</span></button></div><button type="button" class="sprite__smilefresh--before element-info-cart" aria-describedby="itemCard_title_2522500620"><span class="for-a11y">장바구니 담기</span></button></div><a href="https://item.gmarket.co.kr/Item?goodscode=2522500620" class="link__itemcard-info"><span class="box__itemcard-title-area" id="itemCard_title_2522500620"><span class="text__brand"><span class="text">목우촌</span></span><span class="text__title" id="item_title">목우촌 BIG 주부9단 두툼프랑크 450g2</span></span><span class="box__itemcard-price-area"><span class="box__price-seller"><span class="for-a11y">판매가</span><strong class="text__price-seller">8,480</strong><span class="text__unit">원</span></span><span class="box__prime-cost"><span class="for-a11y">원가</span><span class="text__unit-cost">(<!-- -->10g당 94원<!-- -->)</span></span></span><span class="box__itemcard-info-score"><span class="sprite__smilefresh--before box__score-awards"><span class="for-a11y">평점</span><span class="text text__score">4.8</span><span class="for-a11y">후기</span><span class="text text__num">(2,245)</span><span class="for-a11y">건</span></span><span class="box__score-buycnt"><span class="text text__buy">구매</span><span class="text text__num">7,268</span><span class="for-a11y">건</span></span></span><span class="box__itemcard-benefit-tag"><span class="box__tag box__tag-coupon"><span class="sprite__smilefresh--before box__inner">15% 쿠폰</span></span></span></a><button type="button" class="sprite__smilefresh--after button__favorite-item" aria-describedby="itemCard_title_2522500620" aria-pressed="false" aria-label="관심상품 등록하기"></button></div></div></div></div></li><li class="list-item"><div class="box__itemcard-container"><div class="box__itemcard-body"><div class="box__itemcard-inner"><span class="box__thumbnail__label">14</span><a class="link__itemcard" href="https://item.gmarket.co.kr/Item?goodscode=2518873625" tabindex="-1" aria-hidden="true"><span class="box__itemcard-img"><img class="image__itemcard no-js-400?ver=1725113722" src="data:image/gif;base64,R0lGODlhAQABAIAAAP///wAAACH5BAEAAAAALAAAAAABAAEAAAICRAEAOw==" alt="노브랜드 맛있는 김밥용맛살 165g - 상품 이미지"/><noscript><style>.no-js-400?ver=1725113722 { display: none !important; }</style><img class="image__itemcard" src="https://gdimg.gmarket.co.kr/2518873625/still/400?ver=1725113722" alt="노브랜드 맛있는 김밥용맛살 165g - 상품 이미지"/></noscript></span></a><div class="box__itemcard-info"><div class="box__element-info"><div class="element-info-qty"><button aria-describedby="itemCard_title_2518873625" class="sprite__smilefresh--before element-info-qty-minus" aria-disabled="true"><span class="for-a11y">상품 수 <!-- -->1<!-- --> 감소</span></button><span class="element-info-item-qty" aria-describedby="itemCard_title_2518873625"><span class="for-a11y">선택된 수량</span> <!-- -->1</span><button aria-describedby="itemCard_title_2518873625" class="sprite__smilefresh--before element-info-qty-plus"><span class="for-a11y">상품 수 <!-- -->1<!-- --> 증가</span></button></div><button type="button" class="sprite__smilefresh--before element-info-cart" aria-describedby="itemCard_title_2518873625"><span class="for-a11y">장바구니 담기</span></button></div><a href="https://item.gmarket.co.kr/Item?goodscode=2518873625" class="link__itemcard-info"><span class="box__itemcard-title-area" id="itemCard_title_2518873625"><span class="text__brand"><span class="text">노브랜드</span></span><span class="text__title" id="item_title">노브랜드 맛있는 김밥용맛살 165g</span></span><span class="box__itemcard-price-area"><span class="box__price-seller"><span class="for-a11y">판매가</span><strong class="text__price-seller">1,680</strong><span class="text__unit">원</span></span><span class="box__prime-cost"><span class="for-a11y">원가</span><span class="text__unit-cost">(<!-- -->10g당 102원<!-- -->)</span></span></span><span class="box__itemcard-info-score"><span class="sprite__smilefresh--before box__score-awards"><span class="for-a11y">평점</span><span class="text text__score">4.8</span><span class="for-a11y">후기</span><span class="text text__num">(17,756)</span><span class="for-a11y">건</span></span><span class="box__score-buycnt"><span class="text text__buy">구매</span><span class="text text__num">47,692</span><span class="for-a11y">건</span></span></span></a><button type="button" class="sprite__smilefresh--after button__favorite-item" aria-describedby="itemCard_title_2518873625" aria-pressed="false" aria-label="관심상품 등록하기"></button></div></div></div></div></li><li class="list-item"><div class="box__itemcard-container"><div class="box__itemcard-body"><div class="box__itemcard-inner"><span class="box__thumbnail__label">15</span><a class="link__itemcard" href="https://item.gmarket.co.kr/Item?goodscode=2518872330" tabindex="-1" aria-hidden="true"><span class="box__itemcard-img"><img class="image__itemcard no-js-400?ver=1725112336" src="data:image/gif;base64,R0lGODlhAQABAIAAAP///wAAACH5BAEAAAAALAAAAAABAAEAAAICRAEAOw==" alt="노브랜드 꽉찬 종합어묵 1000g - 상품 이미지"/><noscript><style>.no-js-400?ver=1725112336 { display: none !important; }</style><img class="image__itemcard" src="https://gdimg.gmarket.co.kr/2518872330/still/400?ver=1725112336" alt="노브랜드 꽉찬 종합어묵 1000g - 상품 이미지"/></noscript></span></a><div class="box__itemcard-info"><div class="box__element-info"><div class="element-info-qty"><button aria-describedby="itemCard_title_2518872330" class="sprite__smilefresh--before element-info-qty-minus" aria-disabled="true"><span class="for-a11y">상품 수 <!-- -->1<!-- --> 감소</span></button><span class="element-info-item-qty" aria-describedby="itemCard_title_2518872330"><span class="for-a11y">선택된 수량</span> <!-- -->1</span><button aria-describedby="itemCard_title_2518872330" class="sprite__smilefresh--before element-info-qty-plus"><span class="for-a11y">상품 수 <!-- -->1<!-- --> 증가</span></button></div><button type="button" class="sprite__smilefresh--before element-info-cart" aria-describedby="itemCard_title_2518872330"><span class="for-a11y">장바구니 담기</span></button></div><a href="https://item.gmarket.co.kr/Item?goodscode=2518872330" class="link__itemcard-info"><span class="box__itemcard-title-area" id="itemCard_title_2518872330"><span class="text__brand"><span class="text">노브랜드</span></span><span class="text__title" id="item_title">노브랜드 꽉찬 종합어묵 1000g</span></span><span class="box__itemcard-price-area"><span class="box__price-seller"><span class="for-a11y">판매가</span><strong class="text__price-seller">4,980</strong><span class="text__unit">원</span></span><span class="box__prime-cost"><span class="for-a11y">원가</span><span class="text__unit-cost">(<!-- -->10g당 50원<!-- -->)</span></span></span><span class="box__itemcard-info-score"><span class="sprite__smilefresh--before box__score-awards"><span class="for-a11y">평점</span><span class="text text__score">4.7</span><span class="for-a11y">후기</span><span class="text text__num">(14,393)</span><span class="for-a11y">건</span></span><span class="box__score-buycnt"><span class="text text__buy">구매</span><span class="text text__num">42,671</span><span class="for-a11y">건</span></span></span></a><button type="button" class="sprite__smilefresh--after button__favorite-item" aria-describedby="itemCard_title_2518872330" aria-pressed="false" aria-label="관심상품 등록하기"></button></div></div></div></div></li><li class="list-item"><div class="box__itemcard-container"><div class="box__itemcard-body"><div class="box__itemcard-inner"><span class="box__thumbnail__label">16</span><a class="link__itemcard" href="https://item.gmarket.co.kr/Item?goodscode=2523181903" tabindex="-1" aria-hidden="true"><span class="box__itemcard-img"><img class="image__itemcard no-js-400?ver=1725337866" src="data:image/gif;base64,R0lGODlhAQABAIAAAP///wAAACH5BAEAAAAALAAAAAABAAEAAAICRAEAOw==" alt="비비고 도톰 동그랑땡795g - 상품 이미지"/><noscript><style>.no-js-400?ver=1725337866 { display: none !important; }</style><img class="image__itemcard" src="https://gdimg.gmarket.co.kr/2523181903/still/400?ver=1725337866" alt="비비고 도톰 동그랑땡795g - 상품 이미지"/></noscript></span></a><div class="box__itemcard-info"><div class="box__element-info"><div class="element-info-qty"><button aria-describedby="itemCard_title_2523181903" class="sprite__smilefresh--before element-info-qty-minus" aria-disabled="true"><span class="for-a11y">상품 수 <!-- -->1<!-- --> 감소</span></button><span class="element-info-item-qty" aria-describedby="itemCard_title_2523181903"><span class="for-a11y">선택된 수량</span> <!-- -->1</span><button aria-describedby="itemCard_title_2523181903" class="sprite__smilefresh--before element-info-qty-plus"><span class="for-a11y">상품 수 <!-- -->1<!-- --> 증가</span></button></div><button type="button" class="sprite__smilefresh--before element-info-cart" aria-describedby="itemCard_title_2523181903"><span class="for-a11y">장바구니 담기</span></button></div><a href="https://item.gmarket.co.kr/Item?goodscode=2523181903" class="link__itemcard-info"><span class="box__itemcard-title-area" id="itemCard_title_2523181903"><span class="text__brand"><span class="text">비비고</span></span><span class="text__title" id="item_title">비비고 도톰 동그랑땡795g</span></span><span class="box__itemcard-price-area"><span class="box__price-seller"><span class="for-a11y">판매가</span><strong class="text__price-seller">9,480</strong><span class="text__unit">원</span></span></span><span class="box__itemcard-info-score"><span class="sprite__smilefresh--before box__score-awards"><span class="for-a11y">평점</span><span class="text text__score">4.7</span><span class="for-a11y">후기</span><span class="text text__num">(2,933)</span><span class="for-a11y">건</span></span><span class="box__score-buycnt"><span class="text text__buy">구매</span><span class="text text__num">9,360</span><span class="for-a11y">건</span></span></span><span class="box__itemcard-benefit-tag"><span class="box__tag box__tag-coupon"><span class="sprite__smilefresh--before box__inner">15% 쿠폰</span></span></span></a><button type="button" class="sprite__smilefresh--after button__favorite-item" aria-describedby="itemCard_title_2523181903" aria-pressed="false" aria-label="관심상품 등록하기"></button></div></div></div></div></li><li class="list-item"><div class="box__itemcard-container"><div class="box__itemcard-body"><div class="box__itemcard-inner"><span class="box__thumbnail__label">17</span><a class="link__itemcard" href="https://item.gmarket.co.kr/Item?goodscode=2522428430" tabindex="-1" aria-hidden="true"><span class="box__itemcard-img"><img class="image__itemcard no-js-400?ver=1725101233" src="data:image/gif;base64,R0lGODlhAQABAIAAAP///wAAACH5BAEAAAAALAAAAAABAAEAAAICRAEAOw==" alt="피코크 훈제막창 600g - 상품 이미지"/><noscript><style>.no-js-400?ver=1725101233 { display: none !important; }</style><img class="image__itemcard" src="https://gdimg.gmarket.co.kr/2522428430/still/400?ver=1725101233" alt="피코크 훈제막창 600g - 상품 이미지"/></noscript></span></a><div class="box__itemcard-info"><div class="box__element-info"><div class="element-info-qty"><button aria-describedby="itemCard_title_2522428430" class="sprite__smilefresh--before element-info-qty-minus" aria-disabled="true"><span class="for-a11y">상품 수 <!-- -->1<!-- --> 감소</span></button><span class="element-info-item-qty" aria-describedby="itemCard_title_2522428430"><span class="for-a11y">선택된 수량</span> <!-- -->1</span><button aria-describedby="itemCard_title_2522428430" class="sprite__smilefresh--before element-info-qty-plus"><span class="for-a11y">상품 수 <!-- -->1<!-- --> 증가</span></button></div><button type="button" class="sprite__smilefresh--before element-info-cart" aria-describedby="itemCard_title_2522428430"><span class="for-a11y">장바구니 담기</span></button></div><a href="https://item.gmarket.co.kr/Item?goodscode=2522428430" class="link__itemcard-info"><span class="box__itemcard-title-area" id="itemCard_title_2522428430"><span class="text__brand"><span class="text">피코크</span></span><span class="text__title" id="item_title">피코크 훈제막창 600g</span></span><span class="box__itemcard-price-area"><span class="box__price-seller"><span class="for-a11y">판매가</span><strong class="text__price-seller">14,480</strong><span class="text__unit">원</span></span></span><span class="box__itemcard-info-score"><span class="sprite__smilefresh--before box__score-awards"><span class="for-a11y">평점</span><span class="text text__score">4.8</span><span class="for-a11y">후기</span><span class="text text__num">(3,784)</span><span class="for-a11y">건</span></span><span class="box__score-buycnt"><span class="text text__buy">구매</span><span class="text text__num">11,980</span><span class="for-a11y">건</span></span></span><span class="box__itemcard-benefit-tag"><span class="box__tag box__tag-coupon"><span class="sprite__smilefresh--before box__inner">15% 쿠폰</span></span></span></a><button type="button" class="sprite__smilefresh--after button__favorite-item" aria-describedby="itemCard_title_2522428430" aria-pressed="false" aria-label="관심상품 등록하기"></button></div></div></div></div></li><li class="list-item"><div class="box__itemcard-container"><div class="box__itemcard-body"><div class="box__itemcard-inner"><span class="box__thumbnail__label">18</span><a class="link__itemcard" href="https://item.gmarket.co.kr/Item?goodscode=2522797834" tabindex="-1" aria-hidden="true"><span class="box__itemcard-img"><img class="image__itemcard no-js-400?ver=1725107793" src="data:image/gif;base64,R0lGODlhAQABAIAAAP///wAAACH5BAEAAAAALAAAAAABAAEAAAICRAEAOw==" alt="노브랜드 쫄깃한 베이컨 300g - 상품 이미지"/><noscript><style>.no-js-400?ver=1725107793 { display: none !important; }</style><img class="image__itemcard" src="https://gdimg.gmarket.co.kr/2522797834/still/400?ver=1725107793" alt="노브랜드 쫄깃한 베이컨 300g - 상품 이미지"/></noscript></span></a><div class="box__itemcard-info"><div class="box__element-info"><div class="element-info-qty"><button aria-describedby="itemCard_title_2522797834" class="sprite__smilefresh--before element-info-qty-minus" aria-disabled="true"><span class="for-a11y">상품 수 <!-- -->1<!-- --> 감소</span></button><span class="element-info-item-qty" aria-describedby="itemCard_title_2522797834"><span class="for-a11y">선택된 수량</span> <!-- -->1</span><button aria-describedby="itemCard_title_2522797834" class="sprite__smilefresh--before element-info-qty-plus"><span class="for-a11y">상품 수 <!-- -->1<!-- --> 증가</span></button></div><button type="button" class="sprite__smilefresh--before element-info-cart" aria-describedby="itemCard_title_2522797834"><span class="for-a11y">장바구니 담기</span></button></div><a href="https://item.gmarket.co.kr/Item?goodscode=2522797834" class="link__itemcard-info"><span class="box__itemcard-title-area" id="itemCard_title_2522797834"><span class="text__brand"><span class="text">노브랜드</span></span><span class="text__title" id="item_title">노브랜드 쫄깃한 베이컨 300g</span></span><span class="box__itemcard-price-area"><span class="box__price-seller"><span class="for-a11y">판매가</span><strong class="text__price-seller">4,980</strong><span class="text__unit">원</span></span></span><span class="box__itemcard-info-score"><span class="sprite__smilefresh--before box__score-awards"><span class="for-a11y">평점</span><span class="text text__score">4.8</span><span class="for-a11y">후기</span><span class="text text__num">(9,105)</span><span class="for-a11y">건</span></span><span class="box__score-buycnt"><span class="text text__buy">구매</span><span class="text text__num">29,839</span><span class="for-a11y">건</span></span></span></a><button type="button" class="sprite__smilefresh--after button__favorite-item" aria-describedby="itemCard_title_2522797834" aria-pressed="false" aria-label="관심상품 등록하기"></button></div></div></div></div></li><li class="list-item"><div class="box__itemcard-container"><div class="box__itemcard-body"><div class="box__itemcard-inner"><span class="box__thumbnail__label">19</span><a class="link__itemcard" href="https://item.gmarket.co.kr/Item?goodscode=2522778870" tabindex="-1" aria-hidden="true"><span class="box__itemcard-img"><img class="image__itemcard no-js-400?ver=1725105823" src="data:image/gif;base64,R0lGODlhAQABAIAAAP///wAAACH5BAEAAAAALAAAAAABAAEAAAICRAEAOw==" alt="피코크 맛있게 튀긴 등심돈까스 600g - 상품 이미지"/><noscript><style>.no-js-400?ver=1725105823 { display: none !important; }</style><img class="image__itemcard" src="https://gdimg.gmarket.co.kr/2522778870/still/400?ver=1725105823" alt="피코크 맛있게 튀긴 등심돈까스 600g - 상품 이미지"/></noscript></span></a><div class="box__itemcard-info"><div class="box__element-info"><div class="element-info-qty"><button aria-describedby="itemCard_title_2522778870" class="sprite__smilefresh--before element-info-qty-minus" aria-disabled="true"><span class="for-a11y">상품 수 <!-- -->1<!-- --> 감소</span></button><span class="element-info-item-qty" aria-describedby="itemCard_title_2522778870"><span class="for-a11y">선택된 수량</span> <!-- -->1</span><button aria-describedby="itemCard_title_2522778870" class="sprite__smilefresh--before element-info-qty-plus"><span class="for-a11y">상품 수 <!-- -->1<!-- --> 증가</span></button></div><button type="button" class="sprite__smilefresh--before element-info-cart" aria-describedby="itemCard_title_2522778870"><span class="for-a11y">장바구니 담기</span></button></div><a href="https://item.gmarket.co.kr/Item?goodscode=2522778870" class="link__itemcard-info"><span class="box__itemcard-title-area" id="itemCard_title_2522778870"><span class="text__brand"><span class="text">피코크</span></span><span class="text__title" id="item_title">피코크 맛있게 튀긴 등심돈까스 600g</span></span><span class="box__itemcard-price-area"><span class="box__price-seller"><span class="for-a11y">판매가</span><strong class="text__price-seller">10,980</strong><span class="text__unit">원</span></span></span><span class="box__itemcard-info-score"><span class="sprite__smilefresh--before box__score-awards"><span class="for-a11y">평점</span><span class="text text__score">4.7</span><span class="for-a11y">후기</span><span class="text text__num">(5,499)</span><span class="for-a11y">건</span></span><span class="box__score-buycnt"><span class="text text__buy">구매</span><span class="text text__num">14,179</span><span class="for-a11y">건</span></span></span><span class="box__itemcard-benefit-tag"><span class="box__tag box__tag-coupon"><span class="sprite__smilefresh--before box__inner">15% 쿠폰</span></span></span></a><button type="button" class="sprite__smilefresh--after button__favorite-item" aria-describedby="itemCard_title_2522778870" aria-pressed="false" aria-label="관심상품 등록하기"></button></div></div></div></div></li><li class="list-item"><div class="box__itemcard-container"><div class="box__itemcard-body"><div class="box__itemcard-inner"><span class="box__thumbnail__label">20</span><a class="link__itemcard" href="https://item.gmarket.co.kr/Item?goodscode=3020773572" tabindex="-1" aria-hidden="true"><span class="box__itemcard-img"><img class="image__itemcard no-js-400?ver=1725135685" src="data:image/gif;base64,R0lGODlhAQABAIAAAP///wAAACH5BAEAAAAALAAAAAABAAEAAAICRAEAOw==" alt="비비고  진한고기만두 327G - 상품 이미지"/><noscript><style>.no-js-400?ver=1725135685 { display: none !important; }</style><img class="image__itemcard" src="https://gdimg.gmarket.co.kr/3020773572/still/400?ver=1725135685" alt="비비고  진한고기만두 327G - 상품 이미지"/></noscript></span></a><div class="box__itemcard-info"><div class="box__element-info"><div class="element-info-qty"><button aria-describedby="itemCard_title_3020773572" class="sprite__smilefresh--before element-info-qty-minus" aria-disabled="true"><span class="for-a11y">상품 수 <!-- -->1<!-- --> 감소</span></button><span class="element-info-item-qty" aria-describedby="itemCard_title_3020773572"><span class="for-a11y">선택된 수량</span> <!-- -->1</span><button aria-describedby="itemCard_title_3020773572" class="sprite__smilefresh--before element-info-qty-plus"><span class="for-a11y">상품 수 <!-- -->1<!-- --> 증가</span></button></div><button type="button" class="sprite__smilefresh--before element-info-cart" aria-describedby="itemCard_title_3020773572"><span class="for-a11y">장바구니 담기</span></button></div><a href="https://item.gmarket.co.kr/Item?goodscode=3020773572" class="link__itemcard-info"><span class="box__itemcard-title-area" id="itemCard_title_3020773572"><span class="text__brand"><span class="text">비비고</span></span><span class="text__title" id="item_title">비비고  진한고기만두 327G</span></span><span class="box__itemcard-price-area"><span class="box__price-seller"><span class="for-a11y">판매가</span><strong class="text__price-seller">6,980</strong><span class="text__unit">원</span></span></span><span class="box__itemcard-info-score"><span class="sprite__smilefresh--before box__score-awards"><span class="for-a11y">평점</span><span class="text text__score">4.7</span><span class="for-a11y">후기</span><span class="text text__num">(2,359)</span><span class="for-a11y">건</span></span><span class="box__score-buycnt"><span class="text text__buy">구매</span><span class="text text__num">10,843</span><span class="for-a11y">건</span></span></span><span class="box__itemcard-benefit-tag"><span class="box__tag box__tag-coupon"><span class="sprite__smilefresh--before box__inner">15% 쿠폰</span></span></span></a><button type="button" class="sprite__smilefresh--after button__favorite-item" aria-describedby="itemCard_title_3020773572" aria-pressed="false" aria-label="관심상품 등록하기"></button></div></div></div></div></li><li class="list-item"><div class="box__itemcard-container"><div class="box__itemcard-body"><div class="box__itemcard-inner"><span class="box__thumbnail__label">21</span><a class="link__itemcard" href="https://item.gmarket.co.kr/Item?goodscode=2519393763" tabindex="-1" aria-hidden="true"><span class="box__itemcard-img"><img class="image__itemcard no-js-400?ver=1725100531" src="data:image/gif;base64,R0lGODlhAQABAIAAAP///wAAACH5BAEAAAAALAAAAAABAAEAAAICRAEAOw==" alt="피코크 정통방식으로 만든 훈제 오리 450g - 상품 이미지"/><noscript><style>.no-js-400?ver=1725100531 { display: none !important; }</style><img class="image__itemcard" src="https://gdimg.gmarket.co.kr/2519393763/still/400?ver=1725100531" alt="피코크 정통방식으로 만든 훈제 오리 450g - 상품 이미지"/></noscript></span></a><div class="box__itemcard-info"><div class="box__element-info"><div class="element-info-qty"><button aria-describedby="itemCard_title_2519393763" class="sprite__smilefresh--before element-info-qty-minus" aria-disabled="true"><span class="for-a11y">상품 수 <!-- -->1<!-- --> 감소</span></button><span class="element-info-item-qty" aria-describedby="itemCard_title_2519393763"><span class="for-a11y">선택된 수량</span> <!-- -->1</span><button aria-describedby="itemCard_title_2519393763" class="sprite__smilefresh--before element-info-qty-plus"><span class="for-a11y">상품 수 <!-- -->1<!-- --> 증가</span></button></div><button type="button" class="sprite__smilefresh--before element-info-cart" aria-describedby="itemCard_title_2519393763"><span class="for-a11y">장바구니 담기</span></button></div><a href="https://item.gmarket.co.kr/Item?goodscode=2519393763" class="link__itemcard-info"><span class="box__itemcard-title-area" id="itemCard_title_2519393763"><span class="text__brand"><span class="text">피코크</span></span><span class="text__title" id="item_title">피코크 정통방식으로 만든 훈제 오리 450g</span></span><span class="box__itemcard-price-area"><span class="box__price-seller"><span class="for-a11y">판매가</span><strong class="text__price-seller">10,980</strong><span class="text__unit">원</span></span></span><span class="box__itemcard-info-score"><span class="sprite__smilefresh--before box__score-awards"><span class="for-a11y">평점</span><span class="text text__score">4.7</span><span class="for-a11y">후기</span><span class="text text__num">(7,047)</span><span class="for-a11y">건</span></span><span class="box__score-buycnt"><span class="text text__buy">구매</span><span class="text text__num">19,156</span><span class="for-a11y">건</span></span></span><span class="box__itemcard-benefit-tag"><span class="box__tag box__tag-coupon"><span class="sprite__smilefresh--before box__inner">15% 쿠폰</span></span></span></a><button type="button" class="sprite__smilefresh--after button__favorite-item" aria-describedby="itemCard_title_2519393763" aria-pressed="false" aria-label="관심상품 등록하기"></button></div></div></div></div></li><li class="list-item"><div class="box__itemcard-container"><div class="box__itemcard-body"><div class="box__itemcard-inner"><span class="box__thumbnail__label">22</span><a class="link__itemcard" href="https://item.gmarket.co.kr/Item?goodscode=3016739039" tabindex="-1" aria-hidden="true"><span class="box__itemcard-img"><img class="image__itemcard no-js-400?ver=1725134962" src="data:image/gif;base64,R0lGODlhAQABAIAAAP///wAAACH5BAEAAAAALAAAAAABAAEAAAICRAEAOw==" alt="CJ 비비고 소고기듬뿍 설렁탕 460g - 상품 이미지"/><noscript><style>.no-js-400?ver=1725134962 { display: none !important; }</style><img class="image__itemcard" src="https://gdimg.gmarket.co.kr/3016739039/still/400?ver=1725134962" alt="CJ 비비고 소고기듬뿍 설렁탕 460g - 상품 이미지"/></noscript></span></a><div class="box__itemcard-info"><div class="box__element-info"><div class="element-info-qty"><button aria-describedby="itemCard_title_3016739039" class="sprite__smilefresh--before element-info-qty-minus" aria-disabled="true"><span class="for-a11y">상품 수 <!-- -->1<!-- --> 감소</span></button><span class="element-info-item-qty" aria-describedby="itemCard_title_3016739039"><span class="for-a11y">선택된 수량</span> <!-- -->1</span><button aria-describedby="itemCard_title_3016739039" class="sprite__smilefresh--before element-info-qty-plus"><span class="for-a11y">상품 수 <!-- -->1<!-- --> 증가</span></button></div><button type="button" class="sprite__smilefresh--before element-info-cart" aria-describedby="itemCard_title_3016739039"><span class="for-a11y">장바구니 담기</span></button></div><a href="https://item.gmarket.co.kr/Item?goodscode=3016739039" class="link__itemcard-info"><span class="box__itemcard-title-area" id="itemCard_title_3016739039"><span class="text__brand"><span class="text">비비고</span></span><span class="text__title" id="item_title">CJ 비비고 소고기듬뿍 설렁탕 460g</span></span><span class="box__itemcard-price-area"><span class="box__price-seller"><span class="for-a11y">판매가</span><strong class="text__price-seller">6,980</strong><span class="text__unit">원</span></span></span><span class="box__itemcard-info-score"><span class="sprite__smilefresh--before box__score-awards"><span class="for-a11y">평점</span><span class="text text__score">4.8</span><span class="for-a11y">후기</span><span class="text text__num">(2,549)</span><span class="for-a11y">건</span></span><span class="box__score-buycnt"><span class="text text__buy">구매</span><span class="text text__num">14,020</span><span class="for-a11y">건</span></span></span><span class="box__itemcard-benefit-tag"><span class="box__tag box__tag-coupon"><span class="sprite__smilefresh--before box__inner">15% 쿠폰</span></span></span></a><button type="button" class="sprite__smilefresh--after button__favorite-item" aria-describedby="itemCard_title_3016739039" aria-pressed="false" aria-label="관심상품 등록하기"></button></div></div></div></div></li><li class="list-item"><div class="box__itemcard-container"><div class="box__itemcard-body"><div class="box__itemcard-inner"><span class="box__thumbnail__label">23</span><a class="link__itemcard" href="https://item.gmarket.co.kr/Item?goodscode=2523375631" tabindex="-1" aria-hidden="true"><span class="box__itemcard-img"><img class="image__itemcard no-js-400?ver=1725099860" src="data:image/gif;base64,R0lGODlhAQABAIAAAP///wAAACH5BAEAAAAALAAAAAABAAEAAAICRAEAOw==" alt="피코크 쟌슨빌 소시지 부대 찌개 1000g - 상품 이미지"/><noscript><style>.no-js-400?ver=1725099860 { display: none !important; }</style><img class="image__itemcard" src="https://gdimg.gmarket.co.kr/2523375631/still/400?ver=1725099860" alt="피코크 쟌슨빌 소시지 부대 찌개 1000g - 상품 이미지"/></noscript></span></a><div class="box__itemcard-info"><div class="box__element-info"><div class="element-info-qty"><button aria-describedby="itemCard_title_2523375631" class="sprite__smilefresh--before element-info-qty-minus" aria-disabled="true"><span class="for-a11y">상품 수 <!-- -->1<!-- --> 감소</span></button><span class="element-info-item-qty" aria-describedby="itemCard_title_2523375631"><span class="for-a11y">선택된 수량</span> <!-- -->1</span><button aria-describedby="itemCard_title_2523375631" class="sprite__smilefresh--before element-info-qty-plus"><span class="for-a11y">상품 수 <!-- -->1<!-- --> 증가</span></button></div><button type="button" class="sprite__smilefresh--before element-info-cart" aria-describedby="itemCard_title_2523375631"><span class="for-a11y">장바구니 담기</span></button></div><a href="https://item.gmarket.co.kr/Item?goodscode=2523375631" class="link__itemcard-info"><span class="box__itemcard-title-area" id="itemCard_title_2523375631"><span class="text__brand"><span class="text">피코크</span></span><span class="text__title" id="item_title">피코크 쟌슨빌 소시지 부대 찌개 1000g</span></span><span class="box__itemcard-price-area"><span class="box__price-seller"><span class="for-a11y">판매가</span><strong class="text__price-seller">10,980</strong><span class="text__unit">원</span></span></span><span class="box__itemcard-info-score"><span class="sprite__smilefresh--before box__score-awards"><span class="for-a11y">평점</span><span class="text text__score">4.8</span><span class="for-a11y">후기</span><span class="text text__num">(4,402)</span><span class="for-a11y">건</span></span><span class="box__score-buycnt"><span class="text text__buy">구매</span><span class="text text__num">11,276</span><span class="for-a11y">건</span></span></span><span class="box__itemcard-benefit-tag"><span class="box__tag box__tag-coupon"><span class="sprite__smilefresh--before box__inner">15% 쿠폰</span></span></span></a><button type="button" class="sprite__smilefresh--after button__favorite-item" aria-describedby="itemCard_title_2523375631" aria-pressed="false" aria-label="관심상품 등록하기"></button></div></div></div></div></li><li class="list-item"><div class="box__itemcard-container"><div class="box__itemcard-body"><div class="box__itemcard-inner"><span class="box__thumbnail__label">24</span><a class="link__itemcard" href="https://item.gmarket.co.kr/Item?goodscode=2519092060" tabindex="-1" aria-hidden="true"><span class="box__itemcard-img"><img class="image__itemcard no-js-400?ver=1725099482" src="data:image/gif;base64,R0lGODlhAQABAIAAAP///wAAACH5BAEAAAAALAAAAAABAAEAAAICRAEAOw==" alt="동원 통그릴비엔나 300g2 - 상품 이미지"/><noscript><style>.no-js-400?ver=1725099482 { display: none !important; }</style><img class="image__itemcard" src="https://gdimg.gmarket.co.kr/2519092060/still/400?ver=1725099482" alt="동원 통그릴비엔나 300g2 - 상품 이미지"/></noscript></span></a><div class="box__itemcard-info"><div class="box__element-info"><div class="element-info-qty"><button aria-describedby="itemCard_title_2519092060" class="sprite__smilefresh--before element-info-qty-minus" aria-disabled="true"><span class="for-a11y">상품 수 <!-- -->1<!-- --> 감소</span></button><span class="element-info-item-qty" aria-describedby="itemCard_title_2519092060"><span class="for-a11y">선택된 수량</span> <!-- -->1</span><button aria-describedby="itemCard_title_2519092060" class="sprite__smilefresh--before element-info-qty-plus"><span class="for-a11y">상품 수 <!-- -->1<!-- --> 증가</span></button></div><button type="button" class="sprite__smilefresh--before element-info-cart" aria-describedby="itemCard_title_2519092060"><span class="for-a11y">장바구니 담기</span></button></div><a href="https://item.gmarket.co.kr/Item?goodscode=2519092060" class="link__itemcard-info"><span class="box__itemcard-title-area" id="itemCard_title_2519092060"><span class="text__brand"><span class="text">동원</span></span><span class="text__title" id="item_title">동원 통그릴비엔나 300g2</span></span><span class="box__itemcard-price-area"><span class="box__price-seller"><span class="for-a11y">판매가</span><strong class="text__price-seller">7,780</strong><span class="text__unit">원</span></span><span class="box__prime-cost"><span class="for-a11y">원가</span><span class="text__unit-cost">(<!-- -->10g당 108원<!-- -->)</span></span></span><span class="box__itemcard-info-score"><span class="sprite__smilefresh--before box__score-awards"><span class="for-a11y">평점</span><span class="text text__score">4.8</span><span class="for-a11y">후기</span><span class="text text__num">(2,875)</span><span class="for-a11y">건</span></span><span class="box__score-buycnt"><span class="text text__buy">구매</span><span class="text text__num">7,226</span><span class="for-a11y">건</span></span></span><span class="box__itemcard-benefit-tag"><span class="box__tag box__tag-coupon"><span class="sprite__smilefresh--before box__inner">15% 쿠폰</span></span></span></a><button type="button" class="sprite__smilefresh--after button__favorite-item" aria-describedby="itemCard_title_2519092060" aria-pressed="false" aria-label="관심상품 등록하기"></button></div></div></div></div></li><li class="list-item"><div class="box__itemcard-container"><div class="box__itemcard-body"><div class="box__itemcard-inner"><span class="box__thumbnail__label">25</span><a class="link__itemcard" href="https://item.gmarket.co.kr/Item?goodscode=2518961784" tabindex="-1" aria-hidden="true"><span class="box__itemcard-img"><img class="image__itemcard no-js-400?ver=1725113596" src="data:image/gif;base64,R0lGODlhAQABAIAAAP///wAAACH5BAEAAAAALAAAAAABAAEAAAICRAEAOw==" alt="노브랜드 통안심치킨텐더 550g - 상품 이미지"/><noscript><style>.no-js-400?ver=1725113596 { display: none !important; }</style><img class="image__itemcard" src="https://gdimg.gmarket.co.kr/2518961784/still/400?ver=1725113596" alt="노브랜드 통안심치킨텐더 550g - 상품 이미지"/></noscript></span></a><div class="box__itemcard-info"><div class="box__element-info"><div class="element-info-qty"><button aria-describedby="itemCard_title_2518961784" class="sprite__smilefresh--before element-info-qty-minus" aria-disabled="true"><span class="for-a11y">상품 수 <!-- -->1<!-- --> 감소</span></button><span class="element-info-item-qty" aria-describedby="itemCard_title_2518961784"><span class="for-a11y">선택된 수량</span> <!-- -->1</span><button aria-describedby="itemCard_title_2518961784" class="sprite__smilefresh--before element-info-qty-plus"><span class="for-a11y">상품 수 <!-- -->1<!-- --> 증가</span></button></div><button type="button" class="sprite__smilefresh--before element-info-cart" aria-describedby="itemCard_title_2518961784"><span class="for-a11y">장바구니 담기</span></button></div><a href="https://item.gmarket.co.kr/Item?goodscode=2518961784" class="link__itemcard-info"><span class="box__itemcard-title-area" id="itemCard_title_2518961784"><span class="text__brand"><span class="text">노브랜드</span></span><span class="text__title" id="item_title">노브랜드 통안심치킨텐더 550g</span></span><span class="box__itemcard-price-area"><span class="box__price-seller"><span class="for-a11y">판매가</span><strong class="text__price-seller">6,980</strong><span class="text__unit">원</span></span></span><span class="box__itemcard-info-score"><span class="sprite__smilefresh--before box__score-awards"><span class="for-a11y">평점</span><span class="text text__score">4.8</span><span class="for-a11y">후기</span><span class="text text__num">(6,127)</span><span class="for-a11y">건</span></span><span class="box__score-buycnt"><span class="text text__buy">구매</span><span class="text text__num">21,762</span><span class="for-a11y">건</span></span></span></a><button type="button" class="sprite__smilefresh--after button__favorite-item" aria-describedby="itemCard_title_2518961784" aria-pressed="false" aria-label="관심상품 등록하기"></button></div></div></div></div></li><li class="list-item"><div class="box__itemcard-container"><div class="box__itemcard-body"><div class="box__itemcard-inner"><span class="box__thumbnail__label">26</span><a class="link__itemcard" href="https://item.gmarket.co.kr/Item?goodscode=2518599342" tabindex="-1" aria-hidden="true"><span class="box__itemcard-img"><img class="image__itemcard no-js-400?ver=1725090825" src="data:image/gif;base64,R0lGODlhAQABAIAAAP///wAAACH5BAEAAAAALAAAAAABAAEAAAICRAEAOw==" alt="CJ 더(The)건강한 샌드위치햄 90g - 상품 이미지"/><noscript><style>.no-js-400?ver=1725090825 { display: none !important; }</style><img class="image__itemcard" src="https://gdimg.gmarket.co.kr/2518599342/still/400?ver=1725090825" alt="CJ 더(The)건강한 샌드위치햄 90g - 상품 이미지"/></noscript></span></a><div class="box__itemcard-info"><div class="box__element-info"><div class="element-info-qty"><button aria-describedby="itemCard_title_2518599342" class="sprite__smilefresh--before element-info-qty-minus" aria-disabled="true"><span class="for-a11y">상품 수 <!-- -->1<!-- --> 감소</span></button><span class="element-info-item-qty" aria-describedby="itemCard_title_2518599342"><span class="for-a11y">선택된 수량</span> <!-- -->1</span><button aria-describedby="itemCard_title_2518599342" class="sprite__smilefresh--before element-info-qty-plus"><span class="for-a11y">상품 수 <!-- -->1<!-- --> 증가</span></button></div><button type="button" class="sprite__smilefresh--before element-info-cart" aria-describedby="itemCard_title_2518599342"><span class="for-a11y">장바구니 담기</span></button></div><a href="https://item.gmarket.co.kr/Item?goodscode=2518599342" class="link__itemcard-info"><span class="box__itemcard-title-area" id="itemCard_title_2518599342"><span class="text__brand"><span class="text">CJ제일제당</span></span><span class="text__title" id="item_title">CJ 더(The)건강한 샌드위치햄 90g</span></span><span class="box__itemcard-price-area"><span class="box__price-seller"><span class="for-a11y">판매가</span><strong class="text__price-seller">1,980</strong><span class="text__unit">원</span></span><span class="box__prime-cost"><span class="for-a11y">원가</span><span class="text__unit-cost">(<!-- -->10g당 220원<!-- -->)</span></span></span><span class="box__itemcard-info-score"><span class="sprite__smilefresh--before box__score-awards"><span class="for-a11y">평점</span><span class="text text__score">4.8</span><span class="for-a11y">후기</span><span class="text text__num">(3,669)</span><span class="for-a11y">건</span></span><span class="box__score-buycnt"><span class="text text__buy">구매</span><span class="text text__num">14,867</span><span class="for-a11y">건</span></span></span><span class="box__itemcard-benefit-tag"><span class="box__tag box__tag-coupon"><span class="sprite__smilefresh--before box__inner">15% 쿠폰</span></span></span></a><button type="button" class="sprite__smilefresh--after button__favorite-item" aria-describedby="itemCard_title_2518599342" aria-pressed="false" aria-label="관심상품 등록하기"></button></div></div></div></div></li><li class="list-item"><div class="box__itemcard-container"><div class="box__itemcard-body"><div class="box__itemcard-inner"><span class="box__thumbnail__label">27</span><a class="link__itemcard" href="https://item.gmarket.co.kr/Item?goodscode=2522675640" tabindex="-1" aria-hidden="true"><span class="box__itemcard-img"><img class="image__itemcard no-js-400?ver=1725103823" src="data:image/gif;base64,R0lGODlhAQABAIAAAP///wAAACH5BAEAAAAALAAAAAABAAEAAAICRAEAOw==" alt="노브랜드 미니등심돈까스 560 g - 상품 이미지"/><noscript><style>.no-js-400?ver=1725103823 { display: none !important; }</style><img class="image__itemcard" src="https://gdimg.gmarket.co.kr/2522675640/still/400?ver=1725103823" alt="노브랜드 미니등심돈까스 560 g - 상품 이미지"/></noscript></span></a><div class="box__itemcard-info"><div class="box__element-info"><div class="element-info-qty"><button aria-describedby="itemCard_title_2522675640" class="sprite__smilefresh--before element-info-qty-minus" aria-disabled="true"><span class="for-a11y">상품 수 <!-- -->1<!-- --> 감소</span></button><span class="element-info-item-qty" aria-describedby="itemCard_title_2522675640"><span class="for-a11y">선택된 수량</span> <!-- -->1</span><button aria-describedby="itemCard_title_2522675640" class="sprite__smilefresh--before element-info-qty-plus"><span class="for-a11y">상품 수 <!-- -->1<!-- --> 증가</span></button></div><button type="button" class="sprite__smilefresh--before element-info-cart" aria-describedby="itemCard_title_2522675640"><span class="for-a11y">장바구니 담기</span></button></div><a href="https://item.gmarket.co.kr/Item?goodscode=2522675640" class="link__itemcard-info"><span class="box__itemcard-title-area" id="itemCard_title_2522675640"><span class="text__brand"><span class="text">노브랜드</span></span><span class="text__title" id="item_title">노브랜드 미니등심돈까스 560 g</span></span><span class="box__itemcard-price-area"><span class="box__price-seller"><span class="for-a11y">판매가</span><strong class="text__price-seller">6,480</strong><span class="text__unit">원</span></span></span><span class="box__itemcard-info-score"><span class="sprite__smilefresh--before box__score-awards"><span class="for-a11y">평점</span><span class="text text__score">4.8</span><span class="for-a11y">후기</span><span class="text text__num">(5,596)</span><span class="for-a11y">건</span></span><span class="box__score-buycnt"><span class="text text__buy">구매</span><span class="text text__num">16,497</span><span class="for-a11y">건</span></span></span></a><button type="button" class="sprite__smilefresh--after button__favorite-item" aria-describedby="itemCard_title_2522675640" aria-pressed="false" aria-label="관심상품 등록하기"></button></div></div></div></div></li><li class="list-item"><div class="box__itemcard-container"><div class="box__itemcard-body"><div class="box__itemcard-inner"><span class="box__thumbnail__label">28</span><a class="link__itemcard" href="https://item.gmarket.co.kr/Item?goodscode=2523277990" tabindex="-1" aria-hidden="true"><span class="box__itemcard-img"><img class="image__itemcard no-js-400?ver=1725125071" src="data:image/gif;base64,R0lGODlhAQABAIAAAP///wAAACH5BAEAAAAALAAAAAABAAEAAAICRAEAOw==" alt="노브랜드얇은피김치만두800g - 상품 이미지"/><noscript><style>.no-js-400?ver=1725125071 { display: none !important; }</style><img class="image__itemcard" src="https://gdimg.gmarket.co.kr/2523277990/still/400?ver=1725125071" alt="노브랜드얇은피김치만두800g - 상품 이미지"/></noscript></span></a><div class="box__itemcard-info"><div class="box__element-info"><div class="element-info-qty"><button aria-describedby="itemCard_title_2523277990" class="sprite__smilefresh--before element-info-qty-minus" aria-disabled="true"><span class="for-a11y">상품 수 <!-- -->1<!-- --> 감소</span></button><span class="element-info-item-qty" aria-describedby="itemCard_title_2523277990"><span class="for-a11y">선택된 수량</span> <!-- -->1</span><button aria-describedby="itemCard_title_2523277990" class="sprite__smilefresh--before element-info-qty-plus"><span class="for-a11y">상품 수 <!-- -->1<!-- --> 증가</span></button></div><button type="button" class="sprite__smilefresh--before element-info-cart" aria-describedby="itemCard_title_2523277990"><span class="for-a11y">장바구니 담기</span></button></div><a href="https://item.gmarket.co.kr/Item?goodscode=2523277990" class="link__itemcard-info"><span class="box__itemcard-title-area" id="itemCard_title_2523277990"><span class="text__brand"><span class="text">노브랜드</span></span><span class="text__title" id="item_title">노브랜드얇은피김치만두800g</span></span><span class="box__itemcard-price-area"><span class="box__price-seller"><span class="for-a11y">판매가</span><strong class="text__price-seller">6,280</strong><span class="text__unit">원</span></span></span><span class="box__itemcard-info-score"><span class="sprite__smilefresh--before box__score-awards"><span class="for-a11y">평점</span><span class="text text__score">4.8</span><span class="for-a11y">후기</span><span class="text text__num">(4,730)</span><span class="for-a11y">건</span></span><span class="box__score-buycnt"><span class="text text__buy">구매</span><span class="text text__num">12,159</span><span class="for-a11y">건</span></span></span></a><button type="button" class="sprite__smilefresh--after button__favorite-item" aria-describedby="itemCard_title_2523277990" aria-pressed="false" aria-label="관심상품 등록하기"></button></div></div></div></div></li><li class="list-item"><div class="box__itemcard-container"><div class="box__itemcard-body"><div class="box__itemcard-inner"><span class="box__thumbnail__label">29</span><a class="link__itemcard" href="https://item.gmarket.co.kr/Item?goodscode=2519057727" tabindex="-1" aria-hidden="true"><span class="box__itemcard-img"><img class="image__itemcard no-js-400?ver=1725114461" src="data:image/gif;base64,R0lGODlhAQABAIAAAP///wAAACH5BAEAAAAALAAAAAABAAEAAAICRAEAOw==" alt="노브랜드 군만두 1000g - 상품 이미지"/><noscript><style>.no-js-400?ver=1725114461 { display: none !important; }</style><img class="image__itemcard" src="https://gdimg.gmarket.co.kr/2519057727/still/400?ver=1725114461" alt="노브랜드 군만두 1000g - 상품 이미지"/></noscript></span></a><div class="box__itemcard-info"><div class="box__element-info"><div class="element-info-qty"><button aria-describedby="itemCard_title_2519057727" class="sprite__smilefresh--before element-info-qty-minus" aria-disabled="true"><span class="for-a11y">상품 수 <!-- -->1<!-- --> 감소</span></button><span class="element-info-item-qty" aria-describedby="itemCard_title_2519057727"><span class="for-a11y">선택된 수량</span> <!-- -->1</span><button aria-describedby="itemCard_title_2519057727" class="sprite__smilefresh--before element-info-qty-plus"><span class="for-a11y">상품 수 <!-- -->1<!-- --> 증가</span></button></div><button type="button" class="sprite__smilefresh--before element-info-cart" aria-describedby="itemCard_title_2519057727"><span class="for-a11y">장바구니 담기</span></button></div><a href="https://item.gmarket.co.kr/Item?goodscode=2519057727" class="link__itemcard-info"><span class="box__itemcard-title-area" id="itemCard_title_2519057727"><span class="text__brand"><span class="text">노브랜드</span></span><span class="text__title" id="item_title">노브랜드 군만두 1000g</span></span><span class="box__itemcard-price-area"><span class="box__price-seller"><span class="for-a11y">판매가</span><strong class="text__price-seller">4,880</strong><span class="text__unit">원</span></span></span><span class="box__itemcard-info-score"><span class="sprite__smilefresh--before box__score-awards"><span class="for-a11y">평점</span><span class="text text__score">4.7</span><span class="for-a11y">후기</span><span class="text text__num">(11,357)</span><span class="for-a11y">건</span></span><span class="box__score-buycnt"><span class="text text__buy">구매</span><span class="text text__num">34,042</span><span class="for-a11y">건</span></span></span></a><button type="button" class="sprite__smilefresh--after button__favorite-item" aria-describedby="itemCard_title_2519057727" aria-pressed="false" aria-label="관심상품 등록하기"></button></div></div></div></div></li><li class="list-item"><div class="box__itemcard-container"><div class="box__itemcard-body"><div class="box__itemcard-inner"><span class="box__thumbnail__label">30</span><a class="link__itemcard" href="https://item.gmarket.co.kr/Item?goodscode=2522501178" tabindex="-1" aria-hidden="true"><span class="box__itemcard-img"><img class="image__itemcard no-js-400?ver=1725101707" src="data:image/gif;base64,R0lGODlhAQABAIAAAP///wAAACH5BAEAAAAALAAAAAABAAEAAAICRAEAOw==" alt="노브랜드한입쏙쏙비엔나 550g - 상품 이미지"/><noscript><style>.no-js-400?ver=1725101707 { display: none !important; }</style><img class="image__itemcard" src="https://gdimg.gmarket.co.kr/2522501178/still/400?ver=1725101707" alt="노브랜드한입쏙쏙비엔나 550g - 상품 이미지"/></noscript></span></a><div class="box__itemcard-info"><div class="box__element-info"><div class="element-info-qty"><button aria-describedby="itemCard_title_2522501178" class="sprite__smilefresh--before element-info-qty-minus" aria-disabled="true"><span class="for-a11y">상품 수 <!-- -->1<!-- --> 감소</span></button><span class="element-info-item-qty" aria-describedby="itemCard_title_2522501178"><span class="for-a11y">선택된 수량</span> <!-- -->1</span><button aria-describedby="itemCard_title_2522501178" class="sprite__smilefresh--before element-info-qty-plus"><span class="for-a11y">상품 수 <!-- -->1<!-- --> 증가</span></button></div><button type="button" class="sprite__smilefresh--before element-info-cart" aria-describedby="itemCard_title_2522501178"><span class="for-a11y">장바구니 담기</span></button></div><a href="https://item.gmarket.co.kr/Item?goodscode=2522501178" class="link__itemcard-info"><span class="box__itemcard-title-area" id="itemCard_title_2522501178"><span class="text__brand"><span class="text">노브랜드</span></span><span class="text__title" id="item_title">노브랜드한입쏙쏙비엔나 550g</span></span><span class="box__itemcard-price-area"><span class="box__price-seller"><span class="for-a11y">판매가</span><strong class="text__price-seller">6,980</strong><span class="text__unit">원</span></span><span class="box__prime-cost"><span class="for-a11y">원가</span><span class="text__unit-cost">(<!-- -->10g당 127원<!-- -->)</span></span></span><span class="box__itemcard-info-score"><span class="sprite__smilefresh--before box__score-awards"><span class="for-a11y">평점</span><span class="text text__score">4.8</span><span class="for-a11y">후기</span><span class="text text__num">(5,491)</span><span class="for-a11y">건</span></span><span class="box__score-buycnt"><span class="text text__buy">구매</span><span class="text text__num">22,485</span><span class="for-a11y">건</span></span></span></a><button type="button" class="sprite__smilefresh--after button__favorite-item" aria-describedby="itemCard_title_2522501178" aria-pressed="false" aria-label="관심상품 등록하기"></button></div></div></div></div></li><li class="list-item"><div class="box__itemcard-container"><div class="box__itemcard-body"><div class="box__itemcard-inner"><span class="box__thumbnail__label">31</span><a class="link__itemcard" href="https://item.gmarket.co.kr/Item?goodscode=2718125240" tabindex="-1" aria-hidden="true"><span class="box__itemcard-img"><img class="image__itemcard no-js-400?ver=1725099600" src="data:image/gif;base64,R0lGODlhAQABAIAAAP///wAAACH5BAEAAAAALAAAAAABAAEAAAICRAEAOw==" alt="피코크 맛있는 순대 1kg - 상품 이미지"/><noscript><style>.no-js-400?ver=1725099600 { display: none !important; }</style><img class="image__itemcard" src="https://gdimg.gmarket.co.kr/2718125240/still/400?ver=1725099600" alt="피코크 맛있는 순대 1kg - 상품 이미지"/></noscript></span></a><div class="box__itemcard-info"><div class="box__element-info"><div class="element-info-qty"><button aria-describedby="itemCard_title_2718125240" class="sprite__smilefresh--before element-info-qty-minus" aria-disabled="true"><span class="for-a11y">상품 수 <!-- -->1<!-- --> 감소</span></button><span class="element-info-item-qty" aria-describedby="itemCard_title_2718125240"><span class="for-a11y">선택된 수량</span> <!-- -->1</span><button aria-describedby="itemCard_title_2718125240" class="sprite__smilefresh--before element-info-qty-plus"><span class="for-a11y">상품 수 <!-- -->1<!-- --> 증가</span></button></div><button type="button" class="sprite__smilefresh--before element-info-cart" aria-describedby="itemCard_title_2718125240"><span class="for-a11y">장바구니 담기</span></button></div><a href="https://item.gmarket.co.kr/Item?goodscode=2718125240" class="link__itemcard-info"><span class="box__itemcard-title-area" id="itemCard_title_2718125240"><span class="text__brand"><span class="text">피코크</span></span><span class="text__title" id="item_title">피코크 맛있는 순대 1kg</span></span><span class="box__itemcard-price-area"><span class="box__price-seller"><span class="for-a11y">판매가</span><strong class="text__price-seller">7,980</strong><span class="text__unit">원</span></span></span><span class="box__itemcard-info-score"><span class="sprite__smilefresh--before box__score-awards"><span class="for-a11y">평점</span><span class="text text__score">4.7</span><span class="for-a11y">후기</span><span class="text text__num">(4,135)</span><span class="for-a11y">건</span></span><span class="box__score-buycnt"><span class="text text__buy">구매</span><span class="text text__num">7,943</span><span class="for-a11y">건</span></span></span><span class="box__itemcard-benefit-tag"><span class="box__tag box__tag-coupon"><span class="sprite__smilefresh--before box__inner">15% 쿠폰</span></span></span></a><button type="button" class="sprite__smilefresh--after button__favorite-item" aria-describedby="itemCard_title_2718125240" aria-pressed="false" aria-label="관심상품 등록하기"></button></div></div></div></div></li><li class="list-item"><div class="box__itemcard-container"><div class="box__itemcard-body"><div class="box__itemcard-inner"><span class="box__thumbnail__label">32</span><a class="link__itemcard" href="https://item.gmarket.co.kr/Item?goodscode=2523140201" tabindex="-1" aria-hidden="true"><span class="box__itemcard-img"><img class="image__itemcard no-js-400?ver=1725100197" src="data:image/gif;base64,R0lGODlhAQABAIAAAP///wAAACH5BAEAAAAALAAAAAABAAEAAAICRAEAOw==" alt="노브랜드 떡볶이 402.5g - 상품 이미지"/><noscript><style>.no-js-400?ver=1725100197 { display: none !important; }</style><img class="image__itemcard" src="https://gdimg.gmarket.co.kr/2523140201/still/400?ver=1725100197" alt="노브랜드 떡볶이 402.5g - 상품 이미지"/></noscript></span></a><div class="box__itemcard-info"><div class="box__element-info"><div class="element-info-qty"><button aria-describedby="itemCard_title_2523140201" class="sprite__smilefresh--before element-info-qty-minus" aria-disabled="true"><span class="for-a11y">상품 수 <!-- -->1<!-- --> 감소</span></button><span class="element-info-item-qty" aria-describedby="itemCard_title_2523140201"><span class="for-a11y">선택된 수량</span> <!-- -->1</span><button aria-describedby="itemCard_title_2523140201" class="sprite__smilefresh--before element-info-qty-plus"><span class="for-a11y">상품 수 <!-- -->1<!-- --> 증가</span></button></div><button type="button" class="sprite__smilefresh--before element-info-cart" aria-describedby="itemCard_title_2523140201"><span class="for-a11y">장바구니 담기</span></button></div><a href="https://item.gmarket.co.kr/Item?goodscode=2523140201" class="link__itemcard-info"><span class="box__itemcard-title-area" id="itemCard_title_2523140201"><span class="text__brand"><span class="text">노브랜드</span></span><span class="text__title" id="item_title">노브랜드 떡볶이 402.5g</span></span><span class="box__itemcard-price-area"><span class="box__price-seller"><span class="for-a11y">판매가</span><strong class="text__price-seller">2,980</strong><span class="text__unit">원</span></span></span><span class="box__itemcard-info-score"><span class="sprite__smilefresh--before box__score-awards"><span class="for-a11y">평점</span><span class="text text__score">4.8</span><span class="for-a11y">후기</span><span class="text text__num">(6,524)</span><span class="for-a11y">건</span></span><span class="box__score-buycnt"><span class="text text__buy">구매</span><span class="text text__num">21,986</span><span class="for-a11y">건</span></span></span></a><button type="button" class="sprite__smilefresh--after button__favorite-item" aria-describedby="itemCard_title_2523140201" aria-pressed="false" aria-label="관심상품 등록하기"></button></div></div></div></div></li><li class="list-item"><div class="box__itemcard-container"><div class="box__itemcard-body"><div class="box__itemcard-inner"><span class="box__thumbnail__label">33</span><a class="link__itemcard" href="https://item.gmarket.co.kr/Item?goodscode=3227057939" tabindex="-1" aria-hidden="true"><span class="box__itemcard-img"><img class="image__itemcard no-js-400?ver=1725132087" src="data:image/gif;base64,R0lGODlhAQABAIAAAP///wAAACH5BAEAAAAALAAAAAABAAEAAAICRAEAOw==" alt="피코크 새우볶음밥 1050g(5입) - 상품 이미지"/><noscript><style>.no-js-400?ver=1725132087 { display: none !important; }</style><img class="image__itemcard" src="https://gdimg.gmarket.co.kr/3227057939/still/400?ver=1725132087" alt="피코크 새우볶음밥 1050g(5입) - 상품 이미지"/></noscript></span></a><div class="box__itemcard-info"><div class="box__element-info"><div class="element-info-qty"><button aria-describedby="itemCard_title_3227057939" class="sprite__smilefresh--before element-info-qty-minus" aria-disabled="true"><span class="for-a11y">상품 수 <!-- -->1<!-- --> 감소</span></button><span class="element-info-item-qty" aria-describedby="itemCard_title_3227057939"><span class="for-a11y">선택된 수량</span> <!-- -->1</span><button aria-describedby="itemCard_title_3227057939" class="sprite__smilefresh--before element-info-qty-plus"><span class="for-a11y">상품 수 <!-- -->1<!-- --> 증가</span></button></div><button type="button" class="sprite__smilefresh--before element-info-cart" aria-describedby="itemCard_title_3227057939"><span class="for-a11y">장바구니 담기</span></button></div><a href="https://item.gmarket.co.kr/Item?goodscode=3227057939" class="link__itemcard-info"><span class="box__itemcard-title-area" id="itemCard_title_3227057939"><span class="text__brand"><span class="text">피코크</span></span><span class="text__title" id="item_title">피코크 새우볶음밥 1050g(5입)</span></span><span class="box__itemcard-price-area"><span class="box__price-seller"><span class="for-a11y">판매가</span><strong class="text__price-seller">10,980</strong><span class="text__unit">원</span></span></span><span class="box__itemcard-info-score"><span class="sprite__smilefresh--before box__score-awards"><span class="for-a11y">평점</span><span class="text text__score">4.7</span><span class="for-a11y">후기</span><span class="text text__num">(2,249)</span><span class="for-a11y">건</span></span><span class="box__score-buycnt"><span class="text text__buy">구매</span><span class="text text__num">5,081</span><span class="for-a11y">건</span></span></span><span class="box__itemcard-benefit-tag"><span class="box__tag box__tag-coupon"><span class="sprite__smilefresh--before box__inner">15% 쿠폰</span></span></span></a><button type="button" class="sprite__smilefresh--after button__favorite-item" aria-describedby="itemCard_title_3227057939" aria-pressed="false" aria-label="관심상품 등록하기"></button></div></div></div></div></li><li class="list-item"><div class="box__itemcard-container"><div class="box__itemcard-body"><div class="box__itemcard-inner"><span class="box__thumbnail__label">34</span><a class="link__itemcard" href="https://item.gmarket.co.kr/Item?goodscode=2522506191" tabindex="-1" aria-hidden="true"><span class="box__itemcard-img"><img class="image__itemcard no-js-400?ver=1725101523" src="data:image/gif;base64,R0lGODlhAQABAIAAAP///wAAACH5BAEAAAAALAAAAAABAAEAAAICRAEAOw==" alt="노브랜드 떡볶이떡 800g - 상품 이미지"/><noscript><style>.no-js-400?ver=1725101523 { display: none !important; }</style><img class="image__itemcard" src="https://gdimg.gmarket.co.kr/2522506191/still/400?ver=1725101523" alt="노브랜드 떡볶이떡 800g - 상품 이미지"/></noscript></span></a><div class="box__itemcard-info"><div class="box__element-info"><div class="element-info-qty"><button aria-describedby="itemCard_title_2522506191" class="sprite__smilefresh--before element-info-qty-minus" aria-disabled="true"><span class="for-a11y">상품 수 <!-- -->1<!-- --> 감소</span></button><span class="element-info-item-qty" aria-describedby="itemCard_title_2522506191"><span class="for-a11y">선택된 수량</span> <!-- -->1</span><button aria-describedby="itemCard_title_2522506191" class="sprite__smilefresh--before element-info-qty-plus"><span class="for-a11y">상품 수 <!-- -->1<!-- --> 증가</span></button></div><button type="button" class="sprite__smilefresh--before element-info-cart" aria-describedby="itemCard_title_2522506191"><span class="for-a11y">장바구니 담기</span></button></div><a href="https://item.gmarket.co.kr/Item?goodscode=2522506191" class="link__itemcard-info"><span class="box__itemcard-title-area" id="itemCard_title_2522506191"><span class="text__brand"><span class="text">노브랜드</span></span><span class="text__title" id="item_title">노브랜드 떡볶이떡 800g</span></span><span class="box__itemcard-price-area"><span class="box__price-seller"><span class="for-a11y">판매가</span><strong class="text__price-seller">1,980</strong><span class="text__unit">원</span></span></span><span class="box__itemcard-info-score"><span class="sprite__smilefresh--before box__score-awards"><span class="for-a11y">평점</span><span class="text text__score">4.7</span><span class="for-a11y">후기</span><span class="text text__num">(5,741)</span><span class="for-a11y">건</span></span><span class="box__score-buycnt"><span class="text text__buy">구매</span><span class="text text__num">14,077</span><span class="for-a11y">건</span></span></span></a><button type="button" class="sprite__smilefresh--after button__favorite-item" aria-describedby="itemCard_title_2522506191" aria-pressed="false" aria-label="관심상품 등록하기"></button></div></div></div></div></li><li class="list-item"><div class="box__itemcard-container"><div class="box__itemcard-body"><div class="box__itemcard-inner"><span class="box__thumbnail__label">35</span><a class="link__itemcard" href="https://item.gmarket.co.kr/Item?goodscode=2522436853" tabindex="-1" aria-hidden="true"><span class="box__itemcard-img"><img class="image__itemcard no-js-400?ver=1725102053" src="data:image/gif;base64,R0lGODlhAQABAIAAAP///wAAACH5BAEAAAAALAAAAAABAAEAAAICRAEAOw==" alt="CJ 비비고 차돌 된장찌개 460g - 상품 이미지"/><noscript><style>.no-js-400?ver=1725102053 { display: none !important; }</style><img class="image__itemcard" src="https://gdimg.gmarket.co.kr/2522436853/still/400?ver=1725102053" alt="CJ 비비고 차돌 된장찌개 460g - 상품 이미지"/></noscript></span></a><div class="box__itemcard-info"><div class="box__element-info"><div class="element-info-qty"><button aria-describedby="itemCard_title_2522436853" class="sprite__smilefresh--before element-info-qty-minus" aria-disabled="true"><span class="for-a11y">상품 수 <!-- -->1<!-- --> 감소</span></button><span class="element-info-item-qty" aria-describedby="itemCard_title_2522436853"><span class="for-a11y">선택된 수량</span> <!-- -->1</span><button aria-describedby="itemCard_title_2522436853" class="sprite__smilefresh--before element-info-qty-plus"><span class="for-a11y">상품 수 <!-- -->1<!-- --> 증가</span></button></div><button type="button" class="sprite__smilefresh--before element-info-cart" aria-describedby="itemCard_title_2522436853"><span class="for-a11y">장바구니 담기</span></button></div><a href="https://item.gmarket.co.kr/Item?goodscode=2522436853" class="link__itemcard-info"><span class="box__itemcard-title-area" id="itemCard_title_2522436853"><span class="text__brand"><span class="text">비비고</span></span><span class="text__title" id="item_title">CJ 비비고 차돌 된장찌개 460g</span></span><span class="box__itemcard-price-area"><span class="box__price-seller"><span class="for-a11y">판매가</span><strong class="text__price-seller">6,980</strong><span class="text__unit">원</span></span></span><span class="box__itemcard-info-score"><span class="sprite__smilefresh--before box__score-awards"><span class="for-a11y">평점</span><span class="text text__score">4.7</span><span class="for-a11y">후기</span><span class="text text__num">(641)</span><span class="for-a11y">건</span></span><span class="box__score-buycnt"><span class="text text__buy">구매</span><span class="text text__num">5,899</span><span class="for-a11y">건</span></span></span><span class="box__itemcard-benefit-tag"><span class="box__tag box__tag-coupon"><span class="sprite__smilefresh--before box__inner">15% 쿠폰</span></span></span></a><button type="button" class="sprite__smilefresh--after button__favorite-item" aria-describedby="itemCard_title_2522436853" aria-pressed="false" aria-label="관심상품 등록하기"></button></div></div></div></div></li><li class="list-item"><div class="box__itemcard-container"><div class="box__itemcard-body"><div class="box__itemcard-inner"><span class="box__thumbnail__label">36</span><a class="link__itemcard" href="https://item.gmarket.co.kr/Item?goodscode=2519360953" tabindex="-1" aria-hidden="true"><span class="box__itemcard-img"><img class="image__itemcard no-js-400?ver=1725100579" src="data:image/gif;base64,R0lGODlhAQABAIAAAP///wAAACH5BAEAAAAALAAAAAABAAEAAAICRAEAOw==" alt="CJ삼호부산바른사각 720g - 상품 이미지"/><noscript><style>.no-js-400?ver=1725100579 { display: none !important; }</style><img class="image__itemcard" src="https://gdimg.gmarket.co.kr/2519360953/still/400?ver=1725100579" alt="CJ삼호부산바른사각 720g - 상품 이미지"/></noscript></span></a><div class="box__itemcard-info"><div class="box__element-info"><div class="element-info-qty"><button aria-describedby="itemCard_title_2519360953" class="sprite__smilefresh--before element-info-qty-minus" aria-disabled="true"><span class="for-a11y">상품 수 <!-- -->1<!-- --> 감소</span></button><span class="element-info-item-qty" aria-describedby="itemCard_title_2519360953"><span class="for-a11y">선택된 수량</span> <!-- -->1</span><button aria-describedby="itemCard_title_2519360953" class="sprite__smilefresh--before element-info-qty-plus"><span class="for-a11y">상품 수 <!-- -->1<!-- --> 증가</span></button></div><button type="button" class="sprite__smilefresh--before element-info-cart" aria-describedby="itemCard_title_2519360953"><span class="for-a11y">장바구니 담기</span></button></div><a href="https://item.gmarket.co.kr/Item?goodscode=2519360953" class="link__itemcard-info"><span class="box__itemcard-title-area" id="itemCard_title_2519360953"><span class="text__brand"><span class="text">CJ제일제당</span></span><span class="text__title" id="item_title">CJ삼호부산바른사각 720g</span></span><span class="box__itemcard-price-area"><span class="box__price-seller"><span class="for-a11y">판매가</span><strong class="text__price-seller">4,380</strong><span class="text__unit">원</span></span><span class="box__prime-cost"><span class="for-a11y">원가</span><span class="text__unit-cost">(<!-- -->10g당 61원<!-- -->)</span></span></span><span class="box__itemcard-info-score"><span class="sprite__smilefresh--before box__score-awards"><span class="for-a11y">평점</span><span class="text text__score">4.7</span><span class="for-a11y">후기</span><span class="text text__num">(4,635)</span><span class="for-a11y">건</span></span><span class="box__score-buycnt"><span class="text text__buy">구매</span><span class="text text__num">8,798</span><span class="for-a11y">건</span></span></span><span class="box__itemcard-benefit-tag"><span class="box__tag box__tag-coupon"><span class="sprite__smilefresh--before box__inner">15% 쿠폰</span></span></span></a><button type="button" class="sprite__smilefresh--after button__favorite-item" aria-describedby="itemCard_title_2519360953" aria-pressed="false" aria-label="관심상품 등록하기"></button></div></div></div></div></li><li class="list-item"><div class="box__itemcard-container"><div class="box__itemcard-body"><div class="box__itemcard-inner"><span class="box__thumbnail__label">37</span><a class="link__itemcard" href="https://item.gmarket.co.kr/Item?goodscode=2518442443" tabindex="-1" aria-hidden="true"><span class="box__itemcard-img"><img class="image__itemcard no-js-400?ver=1725092605" src="data:image/gif;base64,R0lGODlhAQABAIAAAP///wAAACH5BAEAAAAALAAAAAABAAEAAAICRAEAOw==" alt="목우촌 주부9단 순살햄 1kg - 상품 이미지"/><noscript><style>.no-js-400?ver=1725092605 { display: none !important; }</style><img class="image__itemcard" src="https://gdimg.gmarket.co.kr/2518442443/still/400?ver=1725092605" alt="목우촌 주부9단 순살햄 1kg - 상품 이미지"/></noscript></span></a><div class="box__itemcard-info"><div class="box__element-info"><div class="element-info-qty"><button aria-describedby="itemCard_title_2518442443" class="sprite__smilefresh--before element-info-qty-minus" aria-disabled="true"><span class="for-a11y">상품 수 <!-- -->1<!-- --> 감소</span></button><span class="element-info-item-qty" aria-describedby="itemCard_title_2518442443"><span class="for-a11y">선택된 수량</span> <!-- -->1</span><button aria-describedby="itemCard_title_2518442443" class="sprite__smilefresh--before element-info-qty-plus"><span class="for-a11y">상품 수 <!-- -->1<!-- --> 증가</span></button></div><button type="button" class="sprite__smilefresh--before element-info-cart" aria-describedby="itemCard_title_2518442443"><span class="for-a11y">장바구니 담기</span></button></div><a href="https://item.gmarket.co.kr/Item?goodscode=2518442443" class="link__itemcard-info"><span class="box__itemcard-title-area" id="itemCard_title_2518442443"><span class="text__brand"><span class="text">목우촌</span></span><span class="text__title" id="item_title">목우촌 주부9단 순살햄 1kg</span></span><span class="box__itemcard-price-area"><span class="box__price-seller"><span class="for-a11y">판매가</span><strong class="text__price-seller">10,480</strong><span class="text__unit">원</span></span><span class="box__prime-cost"><span class="for-a11y">원가</span><span class="text__unit-cost">(<!-- -->10g당 105원<!-- -->)</span></span></span><span class="box__itemcard-info-score"><span class="sprite__smilefresh--before box__score-awards"><span class="for-a11y">평점</span><span class="text text__score">4.8</span><span class="for-a11y">후기</span><span class="text text__num">(1,896)</span><span class="for-a11y">건</span></span><span class="box__score-buycnt"><span class="text text__buy">구매</span><span class="text text__num">5,063</span><span class="for-a11y">건</span></span></span></a><button type="button" class="sprite__smilefresh--after button__favorite-item" aria-describedby="itemCard_title_2518442443" aria-pressed="false" aria-label="관심상품 등록하기"></button></div></div></div></div></li><li class="list-item"><div class="box__itemcard-container"><div class="box__itemcard-body"><div class="box__itemcard-inner"><span class="box__thumbnail__label">38</span><a class="link__itemcard" href="https://item.gmarket.co.kr/Item?goodscode=2518810402" tabindex="-1" aria-hidden="true"><span class="box__itemcard-img"><img class="image__itemcard no-js-400?ver=1725092002" src="data:image/gif;base64,R0lGODlhAQABAIAAAP///wAAACH5BAEAAAAALAAAAAABAAEAAAICRAEAOw==" alt="하림 통가슴살 치킨너겟500g - 상품 이미지"/><noscript><style>.no-js-400?ver=1725092002 { display: none !important; }</style><img class="image__itemcard" src="https://gdimg.gmarket.co.kr/2518810402/still/400?ver=1725092002" alt="하림 통가슴살 치킨너겟500g - 상품 이미지"/></noscript></span></a><div class="box__itemcard-info"><div class="box__element-info"><div class="element-info-qty"><button aria-describedby="itemCard_title_2518810402" class="sprite__smilefresh--before element-info-qty-minus" aria-disabled="true"><span class="for-a11y">상품 수 <!-- -->1<!-- --> 감소</span></button><span class="element-info-item-qty" aria-describedby="itemCard_title_2518810402"><span class="for-a11y">선택된 수량</span> <!-- -->1</span><button aria-describedby="itemCard_title_2518810402" class="sprite__smilefresh--before element-info-qty-plus"><span class="for-a11y">상품 수 <!-- -->1<!-- --> 증가</span></button></div><button type="button" class="sprite__smilefresh--before element-info-cart" aria-describedby="itemCard_title_2518810402"><span class="for-a11y">장바구니 담기</span></button></div><a href="https://item.gmarket.co.kr/Item?goodscode=2518810402" class="link__itemcard-info"><span class="box__itemcard-title-area" id="itemCard_title_2518810402"><span class="text__brand"><span class="text">하림</span></span><span class="text__title" id="item_title">하림 통가슴살 치킨너겟500g</span></span><span class="box__itemcard-price-area"><span class="box__price-seller"><span class="for-a11y">판매가</span><strong class="text__price-seller">11,980</strong><span class="text__unit">원</span></span></span><span class="box__itemcard-info-score"><span class="sprite__smilefresh--before box__score-awards"><span class="for-a11y">평점</span><span class="text text__score">4.7</span><span class="for-a11y">후기</span><span class="text text__num">(389)</span><span class="for-a11y">건</span></span><span class="box__score-buycnt"><span class="text text__buy">구매</span><span class="text text__num">1,867</span><span class="for-a11y">건</span></span></span><span class="box__itemcard-benefit-tag"><span class="box__tag box__tag-coupon"><span class="sprite__smilefresh--before box__inner">15% 쿠폰</span></span></span></a><button type="button" class="sprite__smilefresh--after button__favorite-item" aria-describedby="itemCard_title_2518810402" aria-pressed="false" aria-label="관심상품 등록하기"></button></div></div></div></div></li><li class="list-item"><div class="box__itemcard-container"><div class="box__itemcard-body"><div class="box__itemcard-inner"><span class="box__thumbnail__label">39</span><a class="link__itemcard" href="https://item.gmarket.co.kr/Item?goodscode=2518914782" tabindex="-1" aria-hidden="true"><span class="box__itemcard-img"><img class="image__itemcard no-js-400?ver=1725112823" src="data:image/gif;base64,R0lGODlhAQABAIAAAP///wAAACH5BAEAAAAALAAAAAABAAEAAAICRAEAOw==" alt="노브랜드 육즙가득샤오롱빠오180g - 상품 이미지"/><noscript><style>.no-js-400?ver=1725112823 { display: none !important; }</style><img class="image__itemcard" src="https://gdimg.gmarket.co.kr/2518914782/still/400?ver=1725112823" alt="노브랜드 육즙가득샤오롱빠오180g - 상품 이미지"/></noscript></span></a><div class="box__itemcard-info"><div class="box__element-info"><div class="element-info-qty"><button aria-describedby="itemCard_title_2518914782" class="sprite__smilefresh--before element-info-qty-minus" aria-disabled="true"><span class="for-a11y">상품 수 <!-- -->1<!-- --> 감소</span></button><span class="element-info-item-qty" aria-describedby="itemCard_title_2518914782"><span class="for-a11y">선택된 수량</span> <!-- -->1</span><button aria-describedby="itemCard_title_2518914782" class="sprite__smilefresh--before element-info-qty-plus"><span class="for-a11y">상품 수 <!-- -->1<!-- --> 증가</span></button></div><button type="button" class="sprite__smilefresh--before element-info-cart" aria-describedby="itemCard_title_2518914782"><span class="for-a11y">장바구니 담기</span></button></div><a href="https://item.gmarket.co.kr/Item?goodscode=2518914782" class="link__itemcard-info"><span class="box__itemcard-title-area" id="itemCard_title_2518914782"><span class="text__brand"><span class="text">노브랜드</span></span><span class="text__title" id="item_title">노브랜드 육즙가득샤오롱빠오180g</span></span><span class="box__itemcard-price-area"><span class="box__price-seller"><span class="for-a11y">판매가</span><strong class="text__price-seller">1,680</strong><span class="text__unit">원</span></span></span><span class="box__itemcard-info-score"><span class="sprite__smilefresh--before box__score-awards"><span class="for-a11y">평점</span><span class="text text__score">4.8</span><span class="for-a11y">후기</span><span class="text text__num">(5,885)</span><span class="for-a11y">건</span></span><span class="box__score-buycnt"><span class="text text__buy">구매</span><span class="text text__num">36,200</span><span class="for-a11y">건</span></span></span></a><button type="button" class="sprite__smilefresh--after button__favorite-item" aria-describedby="itemCard_title_2518914782" aria-pressed="false" aria-label="관심상품 등록하기"></button></div></div></div></div></li><li class="list-item"><div class="box__itemcard-container"><div class="box__itemcard-body"><div class="box__itemcard-inner"><span class="box__thumbnail__label">40</span><a class="link__itemcard" href="https://item.gmarket.co.kr/Item?goodscode=2518560039" tabindex="-1" aria-hidden="true"><span class="box__itemcard-img"><img class="image__itemcard no-js-400?ver=1725107969" src="data:image/gif;base64,R0lGODlhAQABAIAAAP///wAAACH5BAEAAAAALAAAAAABAAEAAAICRAEAOw==" alt="노브랜드 우엉절임과 김밥단무지 220g - 상품 이미지"/><noscript><style>.no-js-400?ver=1725107969 { display: none !important; }</style><img class="image__itemcard" src="https://gdimg.gmarket.co.kr/2518560039/still/400?ver=1725107969" alt="노브랜드 우엉절임과 김밥단무지 220g - 상품 이미지"/></noscript></span></a><div class="box__itemcard-info"><div class="box__element-info"><div class="element-info-qty"><button aria-describedby="itemCard_title_2518560039" class="sprite__smilefresh--before element-info-qty-minus" aria-disabled="true"><span class="for-a11y">상품 수 <!-- -->1<!-- --> 감소</span></button><span class="element-info-item-qty" aria-describedby="itemCard_title_2518560039"><span class="for-a11y">선택된 수량</span> <!-- -->1</span><button aria-describedby="itemCard_title_2518560039" class="sprite__smilefresh--before element-info-qty-plus"><span class="for-a11y">상품 수 <!-- -->1<!-- --> 증가</span></button></div><button type="button" class="sprite__smilefresh--before element-info-cart" aria-describedby="itemCard_title_2518560039"><span class="for-a11y">장바구니 담기</span></button></div><a href="https://item.gmarket.co.kr/Item?goodscode=2518560039" class="link__itemcard-info"><span class="box__itemcard-title-area" id="itemCard_title_2518560039"><span class="text__title" id="item_title">노브랜드 우엉절임과 김밥단무지 220g</span></span><span class="box__itemcard-price-area"><span class="box__price-seller"><span class="for-a11y">판매가</span><strong class="text__price-seller">2,400</strong><span class="text__unit">원</span></span></span><span class="box__itemcard-info-score"><span class="sprite__smilefresh--before box__score-awards"><span class="for-a11y">평점</span><span class="text text__score">4.8</span><span class="for-a11y">후기</span><span class="text text__num">(8,305)</span><span class="for-a11y">건</span></span><span class="box__score-buycnt"><span class="text text__buy">구매</span><span class="text text__num">20,708</span><span class="for-a11y">건</span></span></span></a><button type="button" class="sprite__smilefresh--after button__favorite-item" aria-describedby="itemCard_title_2518560039" aria-pressed="false" aria-label="관심상품 등록하기"></button></div></div></div></div></li><li class="list-item"><div class="box__itemcard-container"><div class="box__itemcard-body"><div class="box__itemcard-inner"><span class="box__thumbnail__label">41</span><a class="link__itemcard" href="https://item.gmarket.co.kr/Item?goodscode=2522296492" tabindex="-1" aria-hidden="true"><span class="box__itemcard-img"><img class="image__itemcard no-js-400?ver=1725101108" src="data:image/gif;base64,R0lGODlhAQABAIAAAP///wAAACH5BAEAAAAALAAAAAABAAEAAAICRAEAOw==" alt="노브랜드 칠리 새우 400g - 상품 이미지"/><noscript><style>.no-js-400?ver=1725101108 { display: none !important; }</style><img class="image__itemcard" src="https://gdimg.gmarket.co.kr/2522296492/still/400?ver=1725101108" alt="노브랜드 칠리 새우 400g - 상품 이미지"/></noscript></span></a><div class="box__itemcard-info"><div class="box__element-info"><div class="element-info-qty"><button aria-describedby="itemCard_title_2522296492" class="sprite__smilefresh--before element-info-qty-minus" aria-disabled="true"><span class="for-a11y">상품 수 <!-- -->1<!-- --> 감소</span></button><span class="element-info-item-qty" aria-describedby="itemCard_title_2522296492"><span class="for-a11y">선택된 수량</span> <!-- -->1</span><button aria-describedby="itemCard_title_2522296492" class="sprite__smilefresh--before element-info-qty-plus"><span class="for-a11y">상품 수 <!-- -->1<!-- --> 증가</span></button></div><button type="button" class="sprite__smilefresh--before element-info-cart" aria-describedby="itemCard_title_2522296492"><span class="for-a11y">장바구니 담기</span></button></div><a href="https://item.gmarket.co.kr/Item?goodscode=2522296492" class="link__itemcard-info"><span class="box__itemcard-title-area" id="itemCard_title_2522296492"><span class="text__brand"><span class="text">노브랜드</span></span><span class="text__title" id="item_title">노브랜드 칠리 새우 400g</span></span><span class="box__itemcard-price-area"><span class="box__price-seller"><span class="for-a11y">판매가</span><strong class="text__price-seller">6,980</strong><span class="text__unit">원</span></span></span><span class="box__itemcard-info-score"><span class="sprite__smilefresh--before box__score-awards"><span class="for-a11y">평점</span><span class="text text__score">4.8</span><span class="for-a11y">후기</span><span class="text text__num">(3,729)</span><span class="for-a11y">건</span></span><span class="box__score-buycnt"><span class="text text__buy">구매</span><span class="text text__num">14,320</span><span class="for-a11y">건</span></span></span></a><button type="button" class="sprite__smilefresh--after button__favorite-item" aria-describedby="itemCard_title_2522296492" aria-pressed="false" aria-label="관심상품 등록하기"></button></div></div></div></div></li><li class="list-item"><div class="box__itemcard-container"><div class="box__itemcard-body"><div class="box__itemcard-inner"><span class="box__thumbnail__label">42</span><a class="link__itemcard" href="https://item.gmarket.co.kr/Item?goodscode=2519029531" tabindex="-1" aria-hidden="true"><span class="box__itemcard-img"><img class="image__itemcard no-js-400?ver=1725121480" src="data:image/gif;base64,R0lGODlhAQABAIAAAP///wAAACH5BAEAAAAALAAAAAABAAEAAAICRAEAOw==" alt="해태 고향만두 300g3 - 상품 이미지"/><noscript><style>.no-js-400?ver=1725121480 { display: none !important; }</style><img class="image__itemcard" src="https://gdimg.gmarket.co.kr/2519029531/still/400?ver=1725121480" alt="해태 고향만두 300g3 - 상품 이미지"/></noscript></span></a><div class="box__itemcard-info"><div class="box__element-info"><div class="element-info-qty"><button aria-describedby="itemCard_title_2519029531" class="sprite__smilefresh--before element-info-qty-minus" aria-disabled="true"><span class="for-a11y">상품 수 <!-- -->1<!-- --> 감소</span></button><span class="element-info-item-qty" aria-describedby="itemCard_title_2519029531"><span class="for-a11y">선택된 수량</span> <!-- -->1</span><button aria-describedby="itemCard_title_2519029531" class="sprite__smilefresh--before element-info-qty-plus"><span class="for-a11y">상품 수 <!-- -->1<!-- --> 증가</span></button></div><button type="button" class="sprite__smilefresh--before element-info-cart" aria-describedby="itemCard_title_2519029531"><span class="for-a11y">장바구니 담기</span></button></div><a href="https://item.gmarket.co.kr/Item?goodscode=2519029531" class="link__itemcard-info"><span class="box__itemcard-title-area" id="itemCard_title_2519029531"><span class="text__title" id="item_title">해태 고향만두 300g3</span></span><span class="box__itemcard-price-area"><span class="box__price-seller"><span class="for-a11y">판매가</span><strong class="text__price-seller">7,480</strong><span class="text__unit">원</span></span></span><span class="box__itemcard-info-score"><span class="sprite__smilefresh--before box__score-awards"><span class="for-a11y">평점</span><span class="text text__score">4.8</span><span class="for-a11y">후기</span><span class="text text__num">(1,305)</span><span class="for-a11y">건</span></span><span class="box__score-buycnt"><span class="text text__buy">구매</span><span class="text text__num">3,880</span><span class="for-a11y">건</span></span></span><span class="box__itemcard-benefit-tag"><span class="box__tag box__tag-coupon"><span class="sprite__smilefresh--before box__inner">15% 쿠폰</span></span></span></a><button type="button" class="sprite__smilefresh--after button__favorite-item" aria-describedby="itemCard_title_2519029531" aria-pressed="false" aria-label="관심상품 등록하기"></button></div></div></div></div></li><li class="list-item"><div class="box__itemcard-container"><div class="box__itemcard-body"><div class="box__itemcard-inner"><span class="box__thumbnail__label">43</span><a class="link__itemcard" href="https://item.gmarket.co.kr/Item?goodscode=2522339836" tabindex="-1" aria-hidden="true"><span class="box__itemcard-img"><img class="image__itemcard no-js-400?ver=1725101467" src="data:image/gif;base64,R0lGODlhAQABAIAAAP///wAAACH5BAEAAAAALAAAAAABAAEAAAICRAEAOw==" alt="노브랜드 갈비만두720g - 상품 이미지"/><noscript><style>.no-js-400?ver=1725101467 { display: none !important; }</style><img class="image__itemcard" src="https://gdimg.gmarket.co.kr/2522339836/still/400?ver=1725101467" alt="노브랜드 갈비만두720g - 상품 이미지"/></noscript></span></a><div class="box__itemcard-info"><div class="box__element-info"><div class="element-info-qty"><button aria-describedby="itemCard_title_2522339836" class="sprite__smilefresh--before element-info-qty-minus" aria-disabled="true"><span class="for-a11y">상품 수 <!-- -->1<!-- --> 감소</span></button><span class="element-info-item-qty" aria-describedby="itemCard_title_2522339836"><span class="for-a11y">선택된 수량</span> <!-- -->1</span><button aria-describedby="itemCard_title_2522339836" class="sprite__smilefresh--before element-info-qty-plus"><span class="for-a11y">상품 수 <!-- -->1<!-- --> 증가</span></button></div><button type="button" class="sprite__smilefresh--before element-info-cart" aria-describedby="itemCard_title_2522339836"><span class="for-a11y">장바구니 담기</span></button></div><a href="https://item.gmarket.co.kr/Item?goodscode=2522339836" class="link__itemcard-info"><span class="box__itemcard-title-area" id="itemCard_title_2522339836"><span class="text__brand"><span class="text">노브랜드</span></span><span class="text__title" id="item_title">노브랜드 갈비만두720g</span></span><span class="box__itemcard-price-area"><span class="box__price-seller"><span class="for-a11y">판매가</span><strong class="text__price-seller">6,480</strong><span class="text__unit">원</span></span></span><span class="box__itemcard-info-score"><span class="sprite__smilefresh--before box__score-awards"><span class="for-a11y">평점</span><span class="text text__score">4.8</span><span class="for-a11y">후기</span><span class="text text__num">(3,962)</span><span class="for-a11y">건</span></span><span class="box__score-buycnt"><span class="text text__buy">구매</span><span class="text text__num">15,349</span><span class="for-a11y">건</span></span></span></a><button type="button" class="sprite__smilefresh--after button__favorite-item" aria-describedby="itemCard_title_2522339836" aria-pressed="false" aria-label="관심상품 등록하기"></button></div></div></div></div></li><li class="list-item"><div class="box__itemcard-container"><div class="box__itemcard-body"><div class="box__itemcard-inner"><span class="box__thumbnail__label">44</span><a class="link__itemcard" href="https://item.gmarket.co.kr/Item?goodscode=2518847715" tabindex="-1" aria-hidden="true"><span class="box__itemcard-img"><img class="image__itemcard no-js-400?ver=1725115319" src="data:image/gif;base64,R0lGODlhAQABAIAAAP///wAAACH5BAEAAAAALAAAAAABAAEAAAICRAEAOw==" alt="CJ 햇반소프트밀 전복내장죽 420g - 상품 이미지"/><noscript><style>.no-js-400?ver=1725115319 { display: none !important; }</style><img class="image__itemcard" src="https://gdimg.gmarket.co.kr/2518847715/still/400?ver=1725115319" alt="CJ 햇반소프트밀 전복내장죽 420g - 상품 이미지"/></noscript></span></a><div class="box__itemcard-info"><div class="box__element-info"><div class="element-info-qty"><button aria-describedby="itemCard_title_2518847715" class="sprite__smilefresh--before element-info-qty-minus" aria-disabled="true"><span class="for-a11y">상품 수 <!-- -->1<!-- --> 감소</span></button><span class="element-info-item-qty" aria-describedby="itemCard_title_2518847715"><span class="for-a11y">선택된 수량</span> <!-- -->1</span><button aria-describedby="itemCard_title_2518847715" class="sprite__smilefresh--before element-info-qty-plus"><span class="for-a11y">상품 수 <!-- -->1<!-- --> 증가</span></button></div><button type="button" class="sprite__smilefresh--before element-info-cart" aria-describedby="itemCard_title_2518847715"><span class="for-a11y">장바구니 담기</span></button></div><a href="https://item.gmarket.co.kr/Item?goodscode=2518847715" class="link__itemcard-info"><span class="box__itemcard-title-area" id="itemCard_title_2518847715"><span class="text__brand"><span class="text">햇반</span></span><span class="text__title" id="item_title">CJ 햇반소프트밀 전복내장죽 420g</span></span><span class="box__itemcard-price-area"><span class="box__price-seller"><span class="for-a11y">판매가</span><strong class="text__price-seller">5,980</strong><span class="text__unit">원</span></span></span><span class="box__itemcard-info-score"><span class="sprite__smilefresh--before box__score-awards"><span class="for-a11y">평점</span><span class="text text__score">4.8</span><span class="for-a11y">후기</span><span class="text text__num">(2,534)</span><span class="for-a11y">건</span></span><span class="box__score-buycnt"><span class="text text__buy">구매</span><span class="text text__num">15,296</span><span class="for-a11y">건</span></span></span><span class="box__itemcard-benefit-tag"><span class="box__tag box__tag-coupon"><span class="sprite__smilefresh--before box__inner">15% 쿠폰</span></span></span></a><button type="button" class="sprite__smilefresh--after button__favorite-item" aria-describedby="itemCard_title_2518847715" aria-pressed="false" aria-label="관심상품 등록하기"></button></div></div></div></div></li><li class="list-item"><div class="box__itemcard-container"><div class="box__itemcard-body"><div class="box__itemcard-inner"><span class="box__thumbnail__label">45</span><a class="link__itemcard" href="https://item.gmarket.co.kr/Item?goodscode=2518478547" tabindex="-1" aria-hidden="true"><span class="box__itemcard-img"><img class="image__itemcard no-js-400?ver=1725088535" src="data:image/gif;base64,R0lGODlhAQABAIAAAP///wAAACH5BAEAAAAALAAAAAABAAEAAAICRAEAOw==" alt="CJ 계란을 입혀 부쳐 먹으면 정말 맛있는 소시지 160g - 상품 이미지"/><noscript><style>.no-js-400?ver=1725088535 { display: none !important; }</style><img class="image__itemcard" src="https://gdimg.gmarket.co.kr/2518478547/still/400?ver=1725088535" alt="CJ 계란을 입혀 부쳐 먹으면 정말 맛있는 소시지 160g - 상품 이미지"/></noscript></span></a><div class="box__itemcard-info"><div class="box__element-info"><div class="element-info-qty"><button aria-describedby="itemCard_title_2518478547" class="sprite__smilefresh--before element-info-qty-minus" aria-disabled="true"><span class="for-a11y">상품 수 <!-- -->1<!-- --> 감소</span></button><span class="element-info-item-qty" aria-describedby="itemCard_title_2518478547"><span class="for-a11y">선택된 수량</span> <!-- -->1</span><button aria-describedby="itemCard_title_2518478547" class="sprite__smilefresh--before element-info-qty-plus"><span class="for-a11y">상품 수 <!-- -->1<!-- --> 증가</span></button></div><button type="button" class="sprite__smilefresh--before element-info-cart" aria-describedby="itemCard_title_2518478547"><span class="for-a11y">장바구니 담기</span></button></div><a href="https://item.gmarket.co.kr/Item?goodscode=2518478547" class="link__itemcard-info"><span class="box__itemcard-title-area" id="itemCard_title_2518478547"><span class="text__brand"><span class="text">진주햄</span></span><span class="text__title" id="item_title">CJ 계란을 입혀 부쳐 먹으면 정말 맛있는 소시지 160g</span></span><span class="box__itemcard-price-area"><span class="box__price-seller"><span class="for-a11y">판매가</span><strong class="text__price-seller">1,480</strong><span class="text__unit">원</span></span><span class="box__prime-cost"><span class="for-a11y">원가</span><span class="text__unit-cost">(<!-- -->10g당 93원<!-- -->)</span></span></span><span class="box__itemcard-info-score"><span class="sprite__smilefresh--before box__score-awards"><span class="for-a11y">평점</span><span class="text text__score">4.8</span><span class="for-a11y">후기</span><span class="text text__num">(4,623)</span><span class="for-a11y">건</span></span><span class="box__score-buycnt"><span class="text text__buy">구매</span><span class="text text__num">18,513</span><span class="for-a11y">건</span></span></span><span class="box__itemcard-benefit-tag"><span class="box__tag box__tag-coupon"><span class="sprite__smilefresh--before box__inner">15% 쿠폰</span></span></span></a><button type="button" class="sprite__smilefresh--after button__favorite-item" aria-describedby="itemCard_title_2518478547" aria-pressed="false" aria-label="관심상품 등록하기"></button></div></div></div></div></li><li class="list-item"><div class="box__itemcard-container"><div class="box__itemcard-body"><div class="box__itemcard-inner"><span class="box__thumbnail__label">46</span><a class="link__itemcard" href="https://item.gmarket.co.kr/Item?goodscode=2522723316" tabindex="-1" aria-hidden="true"><span class="box__itemcard-img"><img class="image__itemcard no-js-400?ver=1725104575" src="data:image/gif;base64,R0lGODlhAQABAIAAAP///wAAACH5BAEAAAAALAAAAAABAAEAAAICRAEAOw==" alt="노브랜드 스파게티 1kg - 상품 이미지"/><noscript><style>.no-js-400?ver=1725104575 { display: none !important; }</style><img class="image__itemcard" src="https://gdimg.gmarket.co.kr/2522723316/still/400?ver=1725104575" alt="노브랜드 스파게티 1kg - 상품 이미지"/></noscript></span></a><div class="box__itemcard-info"><div class="box__element-info"><div class="element-info-qty"><button aria-describedby="itemCard_title_2522723316" class="sprite__smilefresh--before element-info-qty-minus" aria-disabled="true"><span class="for-a11y">상품 수 <!-- -->1<!-- --> 감소</span></button><span class="element-info-item-qty" aria-describedby="itemCard_title_2522723316"><span class="for-a11y">선택된 수량</span> <!-- -->1</span><button aria-describedby="itemCard_title_2522723316" class="sprite__smilefresh--before element-info-qty-plus"><span class="for-a11y">상품 수 <!-- -->1<!-- --> 증가</span></button></div><button type="button" class="sprite__smilefresh--before element-info-cart" aria-describedby="itemCard_title_2522723316"><span class="for-a11y">장바구니 담기</span></button></div><a href="https://item.gmarket.co.kr/Item?goodscode=2522723316" class="link__itemcard-info"><span class="box__itemcard-title-area" id="itemCard_title_2522723316"><span class="text__brand"><span class="text">노브랜드</span></span><span class="text__title" id="item_title">노브랜드 스파게티 1kg</span></span><span class="box__itemcard-price-area"><span class="box__price-seller"><span class="for-a11y">판매가</span><strong class="text__price-seller">2,480</strong><span class="text__unit">원</span></span></span><span class="box__itemcard-info-score"><span class="sprite__smilefresh--before box__score-awards"><span class="for-a11y">평점</span><span class="text text__score">4.8</span><span class="for-a11y">후기</span><span class="text text__num">(4,243)</span><span class="for-a11y">건</span></span><span class="box__score-buycnt"><span class="text text__buy">구매</span><span class="text text__num">15,663</span><span class="for-a11y">건</span></span></span></a><button type="button" class="sprite__smilefresh--after button__favorite-item" aria-describedby="itemCard_title_2522723316" aria-pressed="false" aria-label="관심상품 등록하기"></button></div></div></div></div></li><li class="list-item"><div class="box__itemcard-container"><div class="box__itemcard-body"><div class="box__itemcard-inner"><span class="box__thumbnail__label">47</span><a class="link__itemcard" href="https://item.gmarket.co.kr/Item?goodscode=4095317206" tabindex="-1" aria-hidden="true"><span class="box__itemcard-img"><img class="image__itemcard no-js-400?ver=1725142699" src="data:image/gif;base64,R0lGODlhAQABAIAAAP///wAAACH5BAEAAAAALAAAAAABAAEAAAICRAEAOw==" alt="CJ 더건강한 그릴비엔나 280g2+안심비엔나200g - 상품 이미지"/><noscript><style>.no-js-400?ver=1725142699 { display: none !important; }</style><img class="image__itemcard" src="https://gdimg.gmarket.co.kr/4095317206/still/400?ver=1725142699" alt="CJ 더건강한 그릴비엔나 280g2+안심비엔나200g - 상품 이미지"/></noscript></span></a><div class="box__itemcard-info"><div class="box__element-info"><div class="element-info-qty"><button aria-describedby="itemCard_title_4095317206" class="sprite__smilefresh--before element-info-qty-minus" aria-disabled="true"><span class="for-a11y">상품 수 <!-- -->1<!-- --> 감소</span></button><span class="element-info-item-qty" aria-describedby="itemCard_title_4095317206"><span class="for-a11y">선택된 수량</span> <!-- -->1</span><button aria-describedby="itemCard_title_4095317206" class="sprite__smilefresh--before element-info-qty-plus"><span class="for-a11y">상품 수 <!-- -->1<!-- --> 증가</span></button></div><button type="button" class="sprite__smilefresh--before element-info-cart" aria-describedby="itemCard_title_4095317206"><span class="for-a11y">장바구니 담기</span></button></div><a href="https://item.gmarket.co.kr/Item?goodscode=4095317206" class="link__itemcard-info"><span class="box__itemcard-title-area" id="itemCard_title_4095317206"><span class="text__title" id="item_title">CJ 더건강한 그릴비엔나 280g2+안심비엔나200g</span></span><span class="box__itemcard-price-area"><span class="box__price-seller"><span class="for-a11y">판매가</span><strong class="text__price-seller">8,980</strong><span class="text__unit">원</span></span></span><span class="box__itemcard-info-score"><span class="sprite__smilefresh--before box__score-awards"><span class="for-a11y">평점</span><span class="text text__score">4.7</span><span class="for-a11y">후기</span><span class="text text__num">(18)</span><span class="for-a11y">건</span></span><span class="box__score-buycnt"><span class="text text__buy">구매</span><span class="text text__num">76</span><span class="for-a11y">건</span></span></span><span class="box__itemcard-benefit-tag"><span class="box__tag box__tag-coupon"><span class="sprite__smilefresh--before box__inner">15% 쿠폰</span></span></span></a><button type="button" class="sprite__smilefresh--after button__favorite-item" aria-describedby="itemCard_title_4095317206" aria-pressed="false" aria-label="관심상품 등록하기"></button></div></div></div></div></li><li class="list-item"><div class="box__itemcard-container"><div class="box__itemcard-body"><div class="box__itemcard-inner"><span class="box__thumbnail__label">48</span><a class="link__itemcard" href="https://item.gmarket.co.kr/Item?goodscode=2519039230" tabindex="-1" aria-hidden="true"><span class="box__itemcard-img"><img class="image__itemcard no-js-400?ver=1725099630" src="data:image/gif;base64,R0lGODlhAQABAIAAAP///wAAACH5BAEAAAAALAAAAAABAAEAAAICRAEAOw==" alt="CJ 스팸 클래식 200g6입 - 상품 이미지"/><noscript><style>.no-js-400?ver=1725099630 { display: none !important; }</style><img class="image__itemcard" src="https://gdimg.gmarket.co.kr/2519039230/still/400?ver=1725099630" alt="CJ 스팸 클래식 200g6입 - 상품 이미지"/></noscript></span></a><div class="box__itemcard-info"><div class="box__element-info"><div class="element-info-qty"><button aria-describedby="itemCard_title_2519039230" class="sprite__smilefresh--before element-info-qty-minus" aria-disabled="true"><span class="for-a11y">상품 수 <!-- -->1<!-- --> 감소</span></button><span class="element-info-item-qty" aria-describedby="itemCard_title_2519039230"><span class="for-a11y">선택된 수량</span> <!-- -->1</span><button aria-describedby="itemCard_title_2519039230" class="sprite__smilefresh--before element-info-qty-plus"><span class="for-a11y">상품 수 <!-- -->1<!-- --> 증가</span></button></div><button type="button" class="sprite__smilefresh--before element-info-cart" aria-describedby="itemCard_title_2519039230"><span class="for-a11y">장바구니 담기</span></button></div><a href="https://item.gmarket.co.kr/Item?goodscode=2519039230" class="link__itemcard-info"><span class="box__itemcard-title-area" id="itemCard_title_2519039230"><span class="text__brand"><span class="text">스팸</span></span><span class="text__title" id="item_title">CJ 스팸 클래식 200g6입</span></span><span class="box__itemcard-price-area"><span class="box__price-seller"><span class="for-a11y">판매가</span><strong class="text__price-seller">21,480</strong><span class="text__unit">원</span></span><span class="box__prime-cost"><span class="for-a11y">원가</span><span class="text__unit-cost">(<!-- -->10g당 179원<!-- -->)</span></span></span><span class="box__itemcard-info-score"><span class="sprite__smilefresh--before box__score-awards"><span class="for-a11y">평점</span><span class="text text__score">4.8</span><span class="for-a11y">후기</span><span class="text text__num">(984)</span><span class="for-a11y">건</span></span><span class="box__score-buycnt"><span class="text text__buy">구매</span><span class="text text__num">4,340</span><span class="for-a11y">건</span></span></span><span class="box__itemcard-benefit-tag"><span class="box__tag box__tag-coupon"><span class="sprite__smilefresh--before box__inner">15% 쿠폰</span></span></span></a><button type="button" class="sprite__smilefresh--after button__favorite-item" aria-describedby="itemCard_title_2519039230" aria-pressed="false" aria-label="관심상품 등록하기"></button></div></div></div></div></li><li class="list-item"><div class="box__itemcard-container"><div class="box__itemcard-body"><div class="box__itemcard-inner"><span class="box__thumbnail__label">49</span><a class="link__itemcard" href="https://item.gmarket.co.kr/Item?goodscode=3016739042" tabindex="-1" aria-hidden="true"><span class="box__itemcard-img"><img class="image__itemcard no-js-400?ver=1725134611" src="data:image/gif;base64,R0lGODlhAQABAIAAAP///wAAACH5BAEAAAAALAAAAAABAAEAAAICRAEAOw==" alt="CJ 비비고 소고기듬뿍 미역국 460G - 상품 이미지"/><noscript><style>.no-js-400?ver=1725134611 { display: none !important; }</style><img class="image__itemcard" src="https://gdimg.gmarket.co.kr/3016739042/still/400?ver=1725134611" alt="CJ 비비고 소고기듬뿍 미역국 460G - 상품 이미지"/></noscript></span></a><div class="box__itemcard-info"><div class="box__element-info"><div class="element-info-qty"><button aria-describedby="itemCard_title_3016739042" class="sprite__smilefresh--before element-info-qty-minus" aria-disabled="true"><span class="for-a11y">상품 수 <!-- -->1<!-- --> 감소</span></button><span class="element-info-item-qty" aria-describedby="itemCard_title_3016739042"><span class="for-a11y">선택된 수량</span> <!-- -->1</span><button aria-describedby="itemCard_title_3016739042" class="sprite__smilefresh--before element-info-qty-plus"><span class="for-a11y">상품 수 <!-- -->1<!-- --> 증가</span></button></div><button type="button" class="sprite__smilefresh--before element-info-cart" aria-describedby="itemCard_title_3016739042"><span class="for-a11y">장바구니 담기</span></button></div><a href="https://item.gmarket.co.kr/Item?goodscode=3016739042" class="link__itemcard-info"><span class="box__itemcard-title-area" id="itemCard_title_3016739042"><span class="text__brand"><span class="text">비비고</span></span><span class="text__title" id="item_title">CJ 비비고 소고기듬뿍 미역국 460G</span></span><span class="box__itemcard-price-area"><span class="box__price-seller"><span class="for-a11y">판매가</span><strong class="text__price-seller">6,980</strong><span class="text__unit">원</span></span></span><span class="box__itemcard-info-score"><span class="sprite__smilefresh--before box__score-awards"><span class="for-a11y">평점</span><span class="text text__score">4.8</span><span class="for-a11y">후기</span><span class="text text__num">(860)</span><span class="for-a11y">건</span></span><span class="box__score-buycnt"><span class="text text__buy">구매</span><span class="text text__num">5,059</span><span class="for-a11y">건</span></span></span><span class="box__itemcard-benefit-tag"><span class="box__tag box__tag-coupon"><span class="sprite__smilefresh--before box__inner">15% 쿠폰</span></span></span></a><button type="button" class="sprite__smilefresh--after button__favorite-item" aria-describedby="itemCard_title_3016739042" aria-pressed="false" aria-label="관심상품 등록하기"></button></div></div></div></div></li><li class="list-item"><div class="box__itemcard-container"><div class="box__itemcard-body"><div class="box__itemcard-inner"><span class="box__thumbnail__label">50</span><a class="link__itemcard" href="https://item.gmarket.co.kr/Item?goodscode=3977947649" tabindex="-1" aria-hidden="true"><span class="box__itemcard-img"><img class="image__itemcard no-js-400?ver=1725142166" src="data:image/gif;base64,R0lGODlhAQABAIAAAP///wAAACH5BAEAAAAALAAAAAABAAEAAAICRAEAOw==" alt="CJ 비비고 사골곰탕 500g10개 - 상품 이미지"/><noscript><style>.no-js-400?ver=1725142166 { display: none !important; }</style><img class="image__itemcard" src="https://gdimg.gmarket.co.kr/3977947649/still/400?ver=1725142166" alt="CJ 비비고 사골곰탕 500g10개 - 상품 이미지"/></noscript></span></a><div class="box__itemcard-info"><div class="box__element-info"><div class="element-info-qty"><button aria-describedby="itemCard_title_3977947649" class="sprite__smilefresh--before element-info-qty-minus" aria-disabled="true"><span class="for-a11y">상품 수 <!-- -->1<!-- --> 감소</span></button><span class="element-info-item-qty" aria-describedby="itemCard_title_3977947649"><span class="for-a11y">선택된 수량</span> <!-- -->1</span><button aria-describedby="itemCard_title_3977947649" class="sprite__smilefresh--before element-info-qty-plus"><span class="for-a11y">상품 수 <!-- -->1<!-- --> 증가</span></button></div><button type="button" class="sprite__smilefresh--before element-info-cart" aria-describedby="itemCard_title_3977947649"><span class="for-a11y">장바구니 담기</span></button></div><a href="https://item.gmarket.co.kr/Item?goodscode=3977947649" class="link__itemcard-info"><span class="box__itemcard-title-area" id="itemCard_title_3977947649"><span class="text__brand"><span class="text">비비고</span></span><span class="text__title" id="item_title">CJ 비비고 사골곰탕 500g10개</span></span><span class="box__itemcard-price-area"><span class="box__price-seller"><span class="for-a11y">판매가</span><strong class="text__price-seller">9,980</strong><span class="text__unit">원</span></span></span><span class="box__itemcard-info-score"><span class="sprite__smilefresh--before box__score-awards"><span class="for-a11y">평점</span><span class="text text__score">4.9</span><span class="for-a11y">후기</span><span class="text text__num">(116)</span><span class="for-a11y">건</span></span><span class="box__score-buycnt"><span class="text text__buy">구매</span><span class="text text__num">324</span><span class="for-a11y">건</span></span></span><span class="box__itemcard-benefit-tag"><span class="box__tag box__tag-coupon"><span class="sprite__smilefresh--before box__inner">15% 쿠폰</span></span></span></a><button type="button" class="sprite__smilefresh--after button__favorite-item" aria-describedby="itemCard_title_3977947649" aria-pressed="false" aria-label="관심상품 등록하기"></button></div></div></div></div></li><li class="list-item"><div class="box__itemcard-container"><div class="box__itemcard-body"><div class="box__itemcard-inner"><span class="box__thumbnail__label">51</span><a class="link__itemcard" href="https://item.gmarket.co.kr/Item?goodscode=2518582570" tabindex="-1" aria-hidden="true"><span class="box__itemcard-img"><img class="image__itemcard no-js-400?ver=1725092163" src="data:image/gif;base64,R0lGODlhAQABAIAAAP///wAAACH5BAEAAAAALAAAAAABAAEAAAICRAEAOw==" alt="목우촌 주부9단 김밥햄 170g2 - 상품 이미지"/><noscript><style>.no-js-400?ver=1725092163 { display: none !important; }</style><img class="image__itemcard" src="https://gdimg.gmarket.co.kr/2518582570/still/400?ver=1725092163" alt="목우촌 주부9단 김밥햄 170g2 - 상품 이미지"/></noscript></span></a><div class="box__itemcard-info"><div class="box__element-info"><div class="element-info-qty"><button aria-describedby="itemCard_title_2518582570" class="sprite__smilefresh--before element-info-qty-minus" aria-disabled="true"><span class="for-a11y">상품 수 <!-- -->1<!-- --> 감소</span></button><span class="element-info-item-qty" aria-describedby="itemCard_title_2518582570"><span class="for-a11y">선택된 수량</span> <!-- -->1</span><button aria-describedby="itemCard_title_2518582570" class="sprite__smilefresh--before element-info-qty-plus"><span class="for-a11y">상품 수 <!-- -->1<!-- --> 증가</span></button></div><button type="button" class="sprite__smilefresh--before element-info-cart" aria-describedby="itemCard_title_2518582570"><span class="for-a11y">장바구니 담기</span></button></div><a href="https://item.gmarket.co.kr/Item?goodscode=2518582570" class="link__itemcard-info"><span class="box__itemcard-title-area" id="itemCard_title_2518582570"><span class="text__brand"><span class="text">목우촌</span></span><span class="text__title" id="item_title">목우촌 주부9단 김밥햄 170g2</span></span><span class="box__itemcard-price-area"><span class="box__price-seller"><span class="for-a11y">판매가</span><strong class="text__price-seller">5,980</strong><span class="text__unit">원</span></span><span class="box__prime-cost"><span class="for-a11y">원가</span><span class="text__unit-cost">(<!-- -->10g당 176원<!-- -->)</span></span></span><span class="box__itemcard-info-score"><span class="sprite__smilefresh--before box__score-awards"><span class="for-a11y">평점</span><span class="text text__score">4.8</span><span class="for-a11y">후기</span><span class="text text__num">(3,110)</span><span class="for-a11y">건</span></span><span class="box__score-buycnt"><span class="text text__buy">구매</span><span class="text text__num">8,616</span><span class="for-a11y">건</span></span></span><span class="box__itemcard-benefit-tag"><span class="box__tag box__tag-coupon"><span class="sprite__smilefresh--before box__inner">15% 쿠폰</span></span></span></a><button type="button" class="sprite__smilefresh--after button__favorite-item" aria-describedby="itemCard_title_2518582570" aria-pressed="false" aria-label="관심상품 등록하기"></button></div></div></div></div></li><li class="list-item"><div class="box__itemcard-container"><div class="box__itemcard-body"><div class="box__itemcard-inner"><span class="box__thumbnail__label">52</span><a class="link__itemcard" href="https://item.gmarket.co.kr/Item?goodscode=2518662005" tabindex="-1" aria-hidden="true"><span class="box__itemcard-img"><img class="image__itemcard no-js-400?ver=1725090757" src="data:image/gif;base64,R0lGODlhAQABAIAAAP///wAAACH5BAEAAAAALAAAAAABAAEAAAICRAEAOw==" alt="풀무원 쌀 물만두 1kg - 상품 이미지"/><noscript><style>.no-js-400?ver=1725090757 { display: none !important; }</style><img class="image__itemcard" src="https://gdimg.gmarket.co.kr/2518662005/still/400?ver=1725090757" alt="풀무원 쌀 물만두 1kg - 상품 이미지"/></noscript></span></a><div class="box__itemcard-info"><div class="box__element-info"><div class="element-info-qty"><button aria-describedby="itemCard_title_2518662005" class="sprite__smilefresh--before element-info-qty-minus" aria-disabled="true"><span class="for-a11y">상품 수 <!-- -->1<!-- --> 감소</span></button><span class="element-info-item-qty" aria-describedby="itemCard_title_2518662005"><span class="for-a11y">선택된 수량</span> <!-- -->1</span><button aria-describedby="itemCard_title_2518662005" class="sprite__smilefresh--before element-info-qty-plus"><span class="for-a11y">상품 수 <!-- -->1<!-- --> 증가</span></button></div><button type="button" class="sprite__smilefresh--before element-info-cart" aria-describedby="itemCard_title_2518662005"><span class="for-a11y">장바구니 담기</span></button></div><a href="https://item.gmarket.co.kr/Item?goodscode=2518662005" class="link__itemcard-info"><span class="box__itemcard-title-area" id="itemCard_title_2518662005"><span class="text__brand"><span class="text">풀무원</span></span><span class="text__title" id="item_title">풀무원 쌀 물만두 1kg</span></span><span class="box__itemcard-price-area"><span class="box__price-seller"><span class="for-a11y">판매가</span><strong class="text__price-seller">10,480</strong><span class="text__unit">원</span></span></span><span class="box__itemcard-info-score"><span class="sprite__smilefresh--before box__score-awards"><span class="for-a11y">평점</span><span class="text text__score">4.8</span><span class="for-a11y">후기</span><span class="text text__num">(2,321)</span><span class="for-a11y">건</span></span><span class="box__score-buycnt"><span class="text text__buy">구매</span><span class="text text__num">6,249</span><span class="for-a11y">건</span></span></span><span class="box__itemcard-benefit-tag"><span class="box__tag box__tag-coupon"><span class="sprite__smilefresh--before box__inner">15% 쿠폰</span></span></span></a><button type="button" class="sprite__smilefresh--after button__favorite-item" aria-describedby="itemCard_title_2518662005" aria-pressed="false" aria-label="관심상품 등록하기"></button></div></div></div></div></li><li class="list-item"><div class="box__itemcard-container"><div class="box__itemcard-body"><div class="box__itemcard-inner"><span class="box__thumbnail__label">53</span><a class="link__itemcard" href="https://item.gmarket.co.kr/Item?goodscode=2519440115" tabindex="-1" aria-hidden="true"><span class="box__itemcard-img"><img class="image__itemcard no-js-400?ver=1725122552" src="data:image/gif;base64,R0lGODlhAQABAIAAAP///wAAACH5BAEAAAAALAAAAAABAAEAAAICRAEAOw==" alt="노브랜드 치즈딥 치즈 크러스트피자485g - 상품 이미지"/><noscript><style>.no-js-400?ver=1725122552 { display: none !important; }</style><img class="image__itemcard" src="https://gdimg.gmarket.co.kr/2519440115/still/400?ver=1725122552" alt="노브랜드 치즈딥 치즈 크러스트피자485g - 상품 이미지"/></noscript></span></a><div class="box__itemcard-info"><div class="box__element-info"><div class="element-info-qty"><button aria-describedby="itemCard_title_2519440115" class="sprite__smilefresh--before element-info-qty-minus" aria-disabled="true"><span class="for-a11y">상품 수 <!-- -->1<!-- --> 감소</span></button><span class="element-info-item-qty" aria-describedby="itemCard_title_2519440115"><span class="for-a11y">선택된 수량</span> <!-- -->1</span><button aria-describedby="itemCard_title_2519440115" class="sprite__smilefresh--before element-info-qty-plus"><span class="for-a11y">상품 수 <!-- -->1<!-- --> 증가</span></button></div><button type="button" class="sprite__smilefresh--before element-info-cart" aria-describedby="itemCard_title_2519440115"><span class="for-a11y">장바구니 담기</span></button></div><a href="https://item.gmarket.co.kr/Item?goodscode=2519440115" class="link__itemcard-info"><span class="box__itemcard-title-area" id="itemCard_title_2519440115"><span class="text__brand"><span class="text">노브랜드</span></span><span class="text__title" id="item_title">노브랜드 치즈딥 치즈 크러스트피자485g</span></span><span class="box__itemcard-price-area"><span class="box__price-seller"><span class="for-a11y">판매가</span><strong class="text__price-seller">5,980</strong><span class="text__unit">원</span></span></span><span class="box__itemcard-info-score"><span class="sprite__smilefresh--before box__score-awards"><span class="for-a11y">평점</span><span class="text text__score">4.8</span><span class="for-a11y">후기</span><span class="text text__num">(2,143)</span><span class="for-a11y">건</span></span><span class="box__score-buycnt"><span class="text text__buy">구매</span><span class="text text__num">5,639</span><span class="for-a11y">건</span></span></span></a><button type="button" class="sprite__smilefresh--after button__favorite-item" aria-describedby="itemCard_title_2519440115" aria-pressed="false" aria-label="관심상품 등록하기"></button></div></div></div></div></li><li class="list-item"><div class="box__itemcard-container"><div class="box__itemcard-body"><div class="box__itemcard-inner"><span class="box__thumbnail__label">54</span><a class="link__itemcard" href="https://item.gmarket.co.kr/Item?goodscode=2518405825" tabindex="-1" aria-hidden="true"><span class="box__itemcard-img"><img class="image__itemcard no-js-400?ver=1725092678" src="data:image/gif;base64,R0lGODlhAQABAIAAAP///wAAACH5BAEAAAAALAAAAAABAAEAAAICRAEAOw==" alt="한입 떡국떡 1.5kg - 상품 이미지"/><noscript><style>.no-js-400?ver=1725092678 { display: none !important; }</style><img class="image__itemcard" src="https://gdimg.gmarket.co.kr/2518405825/still/400?ver=1725092678" alt="한입 떡국떡 1.5kg - 상품 이미지"/></noscript></span></a><div class="box__itemcard-info"><div class="box__element-info"><div class="element-info-qty"><button aria-describedby="itemCard_title_2518405825" class="sprite__smilefresh--before element-info-qty-minus" aria-disabled="true"><span class="for-a11y">상품 수 <!-- -->1<!-- --> 감소</span></button><span class="element-info-item-qty" aria-describedby="itemCard_title_2518405825"><span class="for-a11y">선택된 수량</span> <!-- -->1</span><button aria-describedby="itemCard_title_2518405825" class="sprite__smilefresh--before element-info-qty-plus"><span class="for-a11y">상품 수 <!-- -->1<!-- --> 증가</span></button></div><button type="button" class="sprite__smilefresh--before element-info-cart" aria-describedby="itemCard_title_2518405825"><span class="for-a11y">장바구니 담기</span></button></div><a href="https://item.gmarket.co.kr/Item?goodscode=2518405825" class="link__itemcard-info"><span class="box__itemcard-title-area" id="itemCard_title_2518405825"><span class="text__brand"><span class="text">풀무원</span></span><span class="text__title" id="item_title">한입 떡국떡 1.5kg</span></span><span class="box__itemcard-price-area"><span class="box__price-seller"><span class="for-a11y">판매가</span><strong class="text__price-seller">6,780</strong><span class="text__unit">원</span></span></span><span class="box__itemcard-info-score"><span class="sprite__smilefresh--before box__score-awards"><span class="for-a11y">평점</span><span class="text text__score">4.7</span><span class="for-a11y">후기</span><span class="text text__num">(752)</span><span class="for-a11y">건</span></span><span class="box__score-buycnt"><span class="text text__buy">구매</span><span class="text text__num">1,924</span><span class="for-a11y">건</span></span></span><span class="box__itemcard-benefit-tag"><span class="box__tag box__tag-coupon"><span class="sprite__smilefresh--before box__inner">15% 쿠폰</span></span></span></a><button type="button" class="sprite__smilefresh--after button__favorite-item" aria-describedby="itemCard_title_2518405825" aria-pressed="false" aria-label="관심상품 등록하기"></button></div></div></div></div></li><li class="list-item"><div class="box__itemcard-container"><div class="box__itemcard-body"><div class="box__itemcard-inner"><span class="box__thumbnail__label">55</span><a class="link__itemcard" href="https://item.gmarket.co.kr/Item?goodscode=2519599246" tabindex="-1" aria-hidden="true"><span class="box__itemcard-img"><img class="image__itemcard no-js-400?ver=1725100475" src="data:image/gif;base64,R0lGODlhAQABAIAAAP///wAAACH5BAEAAAAALAAAAAABAAEAAAICRAEAOw==" alt="청정원 호밍스 남도추어탕 450g - 상품 이미지"/><noscript><style>.no-js-400?ver=1725100475 { display: none !important; }</style><img class="image__itemcard" src="https://gdimg.gmarket.co.kr/2519599246/still/400?ver=1725100475" alt="청정원 호밍스 남도추어탕 450g - 상품 이미지"/></noscript></span></a><div class="box__itemcard-info"><div class="box__element-info"><div class="element-info-qty"><button aria-describedby="itemCard_title_2519599246" class="sprite__smilefresh--before element-info-qty-minus" aria-disabled="true"><span class="for-a11y">상품 수 <!-- -->1<!-- --> 감소</span></button><span class="element-info-item-qty" aria-describedby="itemCard_title_2519599246"><span class="for-a11y">선택된 수량</span> <!-- -->1</span><button aria-describedby="itemCard_title_2519599246" class="sprite__smilefresh--before element-info-qty-plus"><span class="for-a11y">상품 수 <!-- -->1<!-- --> 증가</span></button></div><button type="button" class="sprite__smilefresh--before element-info-cart" aria-describedby="itemCard_title_2519599246"><span class="for-a11y">장바구니 담기</span></button></div><a href="https://item.gmarket.co.kr/Item?goodscode=2519599246" class="link__itemcard-info"><span class="box__itemcard-title-area" id="itemCard_title_2519599246"><span class="text__brand"><span class="text">청정원</span></span><span class="text__title" id="item_title">청정원 호밍스 남도추어탕 450g</span></span><span class="box__itemcard-price-area"><span class="box__price-seller"><span class="for-a11y">판매가</span><strong class="text__price-seller">6,980</strong><span class="text__unit">원</span></span></span><span class="box__itemcard-info-score"><span class="sprite__smilefresh--before box__score-awards"><span class="for-a11y">평점</span><span class="text text__score">4.8</span><span class="for-a11y">후기</span><span class="text text__num">(625)</span><span class="for-a11y">건</span></span><span class="box__score-buycnt"><span class="text text__buy">구매</span><span class="text text__num">3,350</span><span class="for-a11y">건</span></span></span><span class="box__itemcard-benefit-tag"><span class="box__tag box__tag-coupon"><span class="sprite__smilefresh--before box__inner">15% 쿠폰</span></span></span></a><button type="button" class="sprite__smilefresh--after button__favorite-item" aria-describedby="itemCard_title_2519599246" aria-pressed="false" aria-label="관심상품 등록하기"></button></div></div></div></div></li><li class="list-item"><div class="box__itemcard-container"><div class="box__itemcard-body"><div class="box__itemcard-inner"><span class="box__thumbnail__label">56</span><a class="link__itemcard" href="https://item.gmarket.co.kr/Item?goodscode=2518470448" tabindex="-1" aria-hidden="true"><span class="box__itemcard-img"><img class="image__itemcard no-js-400?ver=1725092610" src="data:image/gif;base64,R0lGODlhAQABAIAAAP///wAAACH5BAEAAAAALAAAAAABAAEAAAICRAEAOw==" alt="대림오양맛살E 김밥도시락용 500g - 상품 이미지"/><noscript><style>.no-js-400?ver=1725092610 { display: none !important; }</style><img class="image__itemcard" src="https://gdimg.gmarket.co.kr/2518470448/still/400?ver=1725092610" alt="대림오양맛살E 김밥도시락용 500g - 상품 이미지"/></noscript></span></a><div class="box__itemcard-info"><div class="box__element-info"><div class="element-info-qty"><button aria-describedby="itemCard_title_2518470448" class="sprite__smilefresh--before element-info-qty-minus" aria-disabled="true"><span class="for-a11y">상품 수 <!-- -->1<!-- --> 감소</span></button><span class="element-info-item-qty" aria-describedby="itemCard_title_2518470448"><span class="for-a11y">선택된 수량</span> <!-- -->1</span><button aria-describedby="itemCard_title_2518470448" class="sprite__smilefresh--before element-info-qty-plus"><span class="for-a11y">상품 수 <!-- -->1<!-- --> 증가</span></button></div><button type="button" class="sprite__smilefresh--before element-info-cart" aria-describedby="itemCard_title_2518470448"><span class="for-a11y">장바구니 담기</span></button></div><a href="https://item.gmarket.co.kr/Item?goodscode=2518470448" class="link__itemcard-info"><span class="box__itemcard-title-area" id="itemCard_title_2518470448"><span class="text__brand"><span class="text">오양</span></span><span class="text__title" id="item_title">대림오양맛살E 김밥도시락용 500g</span></span><span class="box__itemcard-price-area"><span class="box__price-seller"><span class="for-a11y">판매가</span><strong class="text__price-seller">3,780</strong><span class="text__unit">원</span></span><span class="box__prime-cost"><span class="for-a11y">원가</span><span class="text__unit-cost">(<!-- -->10g당 76원<!-- -->)</span></span></span><span class="box__itemcard-info-score"><span class="sprite__smilefresh--before box__score-awards"><span class="for-a11y">평점</span><span class="text text__score">4.8</span><span class="for-a11y">후기</span><span class="text text__num">(2,115)</span><span class="for-a11y">건</span></span><span class="box__score-buycnt"><span class="text text__buy">구매</span><span class="text text__num">4,566</span><span class="for-a11y">건</span></span></span><span class="box__itemcard-benefit-tag"><span class="box__tag box__tag-coupon"><span class="sprite__smilefresh--before box__inner">15% 쿠폰</span></span></span></a><button type="button" class="sprite__smilefresh--after button__favorite-item" aria-describedby="itemCard_title_2518470448" aria-pressed="false" aria-label="관심상품 등록하기"></button></div></div></div></div></li><li class="list-item"><div class="box__itemcard-container"><div class="box__itemcard-body"><div class="box__itemcard-inner"><span class="box__thumbnail__label">57</span><a class="link__itemcard" href="https://item.gmarket.co.kr/Item?goodscode=2519018114" tabindex="-1" aria-hidden="true"><span class="box__itemcard-img"><img class="image__itemcard no-js-400?ver=1725120575" src="data:image/gif;base64,R0lGODlhAQABAIAAAP///wAAACH5BAEAAAAALAAAAAABAAEAAAICRAEAOw==" alt="노브랜드 리얼런천미트 340g - 상품 이미지"/><noscript><style>.no-js-400?ver=1725120575 { display: none !important; }</style><img class="image__itemcard" src="https://gdimg.gmarket.co.kr/2519018114/still/400?ver=1725120575" alt="노브랜드 리얼런천미트 340g - 상품 이미지"/></noscript></span></a><div class="box__itemcard-info"><div class="box__element-info"><div class="element-info-qty"><button aria-describedby="itemCard_title_2519018114" class="sprite__smilefresh--before element-info-qty-minus" aria-disabled="true"><span class="for-a11y">상품 수 <!-- -->2<!-- --> 감소</span></button><span class="element-info-item-qty" aria-describedby="itemCard_title_2519018114"><span class="for-a11y">선택된 수량</span> <!-- -->2</span><button aria-describedby="itemCard_title_2519018114" class="sprite__smilefresh--before element-info-qty-plus"><span class="for-a11y">상품 수 <!-- -->2<!-- --> 증가</span></button></div><button type="button" class="sprite__smilefresh--before element-info-cart" aria-describedby="itemCard_title_2519018114"><span class="for-a11y">장바구니 담기</span></button></div><a href="https://item.gmarket.co.kr/Item?goodscode=2519018114" class="link__itemcard-info"><span class="box__itemcard-title-area" id="itemCard_title_2519018114"><span class="text__brand"><span class="text">노브랜드</span></span><span class="text__title" id="item_title">노브랜드 리얼런천미트 340g</span></span><span class="box__itemcard-price-area"><span class="box__price-seller"><span class="for-a11y">판매가</span><strong class="text__price-seller">2,880</strong><span class="text__unit">원</span></span><span class="box__prime-cost"><span class="for-a11y">원가</span><span class="text__unit-cost">(<!-- -->10g당 85원<!-- -->)</span></span></span><span class="box__itemcard-info-score"><span class="sprite__smilefresh--before box__score-awards"><span class="for-a11y">평점</span><span class="text text__score">4.8</span><span class="for-a11y">후기</span><span class="text text__num">(1,962)</span><span class="for-a11y">건</span></span><span class="box__score-buycnt"><span class="text text__buy">구매</span><span class="text text__num">11,560</span><span class="for-a11y">건</span></span></span></a><button type="button" class="sprite__smilefresh--after button__favorite-item" aria-describedby="itemCard_title_2519018114" aria-pressed="false" aria-label="관심상품 등록하기"></button></div></div></div></div></li><li class="list-item"><div class="box__itemcard-container"><div class="box__itemcard-body"><div class="box__itemcard-inner"><span class="box__thumbnail__label">58</span><a class="link__itemcard" href="https://item.gmarket.co.kr/Item?goodscode=2522874923" tabindex="-1" aria-hidden="true"><span class="box__itemcard-img"><img class="image__itemcard no-js-400?ver=1725525141" src="data:image/gif;base64,R0lGODlhAQABAIAAAP///wAAACH5BAEAAAAALAAAAAABAAEAAAICRAEAOw==" alt="노브랜드통새우볶음밥1kg - 상품 이미지"/><noscript><style>.no-js-400?ver=1725525141 { display: none !important; }</style><img class="image__itemcard" src="https://gdimg.gmarket.co.kr/2522874923/still/400?ver=1725525141" alt="노브랜드통새우볶음밥1kg - 상품 이미지"/></noscript></span></a><div class="box__itemcard-info"><div class="box__element-info"><div class="element-info-qty"><button aria-describedby="itemCard_title_2522874923" class="sprite__smilefresh--before element-info-qty-minus" aria-disabled="true"><span class="for-a11y">상품 수 <!-- -->1<!-- --> 감소</span></button><span class="element-info-item-qty" aria-describedby="itemCard_title_2522874923"><span class="for-a11y">선택된 수량</span> <!-- -->1</span><button aria-describedby="itemCard_title_2522874923" class="sprite__smilefresh--before element-info-qty-plus"><span class="for-a11y">상품 수 <!-- -->1<!-- --> 증가</span></button></div><button type="button" class="sprite__smilefresh--before element-info-cart" aria-describedby="itemCard_title_2522874923"><span class="for-a11y">장바구니 담기</span></button></div><a href="https://item.gmarket.co.kr/Item?goodscode=2522874923" class="link__itemcard-info"><span class="box__itemcard-title-area" id="itemCard_title_2522874923"><span class="text__brand"><span class="text">노브랜드</span></span><span class="text__title" id="item_title">노브랜드통새우볶음밥1kg</span></span><span class="box__itemcard-price-area"><span class="box__price-seller"><span class="for-a11y">판매가</span><strong class="text__price-seller">8,580</strong><span class="text__unit">원</span></span></span><span class="box__itemcard-info-score"><span class="sprite__smilefresh--before box__score-awards"><span class="for-a11y">평점</span><span class="text text__score">4.8</span><span class="for-a11y">후기</span><span class="text text__num">(1,586)</span><span class="for-a11y">건</span></span><span class="box__score-buycnt"><span class="text text__buy">구매</span><span class="text text__num">4,125</span><span class="for-a11y">건</span></span></span></a><button type="button" class="sprite__smilefresh--after button__favorite-item" aria-describedby="itemCard_title_2522874923" aria-pressed="false" aria-label="관심상품 등록하기"></button></div></div></div></div></li><li class="list-item"><div class="box__itemcard-container"><div class="box__itemcard-body"><div class="box__itemcard-inner"><span class="box__thumbnail__label">59</span><a class="link__itemcard" href="https://item.gmarket.co.kr/Item?goodscode=2714969108" tabindex="-1" aria-hidden="true"><span class="box__itemcard-img"><img class="image__itemcard no-js-400?ver=1725127050" src="data:image/gif;base64,R0lGODlhAQABAIAAAP///wAAACH5BAEAAAAALAAAAAABAAEAAAICRAEAOw==" alt="다향 훈제오리 (540g) - 상품 이미지"/><noscript><style>.no-js-400?ver=1725127050 { display: none !important; }</style><img class="image__itemcard" src="https://gdimg.gmarket.co.kr/2714969108/still/400?ver=1725127050" alt="다향 훈제오리 (540g) - 상품 이미지"/></noscript></span></a><div class="box__itemcard-info"><div class="box__element-info"><div class="element-info-qty"><button aria-describedby="itemCard_title_2714969108" class="sprite__smilefresh--before element-info-qty-minus" aria-disabled="true"><span class="for-a11y">상품 수 <!-- -->1<!-- --> 감소</span></button><span class="element-info-item-qty" aria-describedby="itemCard_title_2714969108"><span class="for-a11y">선택된 수량</span> <!-- -->1</span><button aria-describedby="itemCard_title_2714969108" class="sprite__smilefresh--before element-info-qty-plus"><span class="for-a11y">상품 수 <!-- -->1<!-- --> 증가</span></button></div><button type="button" class="sprite__smilefresh--before element-info-cart" aria-describedby="itemCard_title_2714969108"><span class="for-a11y">장바구니 담기</span></button></div><a href="https://item.gmarket.co.kr/Item?goodscode=2714969108" class="link__itemcard-info"><span class="box__itemcard-title-area" id="itemCard_title_2714969108"><span class="text__brand"><span class="text">다향오리</span></span><span class="text__title" id="item_title">다향 훈제오리 (540g)</span></span><span class="box__itemcard-price-area"><span class="box__price-seller"><span class="for-a11y">판매가</span><strong class="text__price-seller">13,980</strong><span class="text__unit">원</span></span></span><span class="box__itemcard-info-score"><span class="sprite__smilefresh--before box__score-awards"><span class="for-a11y">평점</span><span class="text text__score">4.7</span><span class="for-a11y">후기</span><span class="text text__num">(4,646)</span><span class="for-a11y">건</span></span><span class="box__score-buycnt"><span class="text text__buy">구매</span><span class="text text__num">12,297</span><span class="for-a11y">건</span></span></span><span class="box__itemcard-benefit-tag"><span class="box__tag box__tag-coupon"><span class="sprite__smilefresh--before box__inner">15% 쿠폰</span></span></span></a><button type="button" class="sprite__smilefresh--after button__favorite-item" aria-describedby="itemCard_title_2714969108" aria-pressed="false" aria-label="관심상품 등록하기"></button></div></div></div></div></li><li class="list-item"><div class="box__itemcard-container"><div class="box__itemcard-body"><div class="box__itemcard-inner"><span class="box__thumbnail__label">60</span><a class="link__itemcard" href="https://item.gmarket.co.kr/Item?goodscode=2518984893" tabindex="-1" aria-hidden="true"><span class="box__itemcard-img"><img class="image__itemcard no-js-400?ver=1725120773" src="data:image/gif;base64,R0lGODlhAQABAIAAAP///wAAACH5BAEAAAAALAAAAAABAAEAAAICRAEAOw==" alt="비비고  왕교자350g3 - 상품 이미지"/><noscript><style>.no-js-400?ver=1725120773 { display: none !important; }</style><img class="image__itemcard" src="https://gdimg.gmarket.co.kr/2518984893/still/400?ver=1725120773" alt="비비고  왕교자350g3 - 상품 이미지"/></noscript></span></a><div class="box__itemcard-info"><div class="box__element-info"><div class="element-info-qty"><button aria-describedby="itemCard_title_2518984893" class="sprite__smilefresh--before element-info-qty-minus" aria-disabled="true"><span class="for-a11y">상품 수 <!-- -->1<!-- --> 감소</span></button><span class="element-info-item-qty" aria-describedby="itemCard_title_2518984893"><span class="for-a11y">선택된 수량</span> <!-- -->1</span><button aria-describedby="itemCard_title_2518984893" class="sprite__smilefresh--before element-info-qty-plus"><span class="for-a11y">상품 수 <!-- -->1<!-- --> 증가</span></button></div><button type="button" class="sprite__smilefresh--before element-info-cart" aria-describedby="itemCard_title_2518984893"><span class="for-a11y">장바구니 담기</span></button></div><a href="https://item.gmarket.co.kr/Item?goodscode=2518984893" class="link__itemcard-info"><span class="box__itemcard-title-area" id="itemCard_title_2518984893"><span class="text__brand"><span class="text">비비고</span></span><span class="text__title" id="item_title">비비고  왕교자350g3</span></span><span class="box__itemcard-price-area"><span class="box__price-seller"><span class="for-a11y">판매가</span><strong class="text__price-seller">9,980</strong><span class="text__unit">원</span></span></span><span class="box__itemcard-info-score"><span class="sprite__smilefresh--before box__score-awards"><span class="for-a11y">평점</span><span class="text text__score">4.8</span><span class="for-a11y">후기</span><span class="text text__num">(4,033)</span><span class="for-a11y">건</span></span><span class="box__score-buycnt"><span class="text text__buy">구매</span><span class="text text__num">13,464</span><span class="for-a11y">건</span></span></span><span class="box__itemcard-benefit-tag"><span class="box__tag box__tag-coupon"><span class="sprite__smilefresh--before box__inner">15% 쿠폰</span></span></span></a><button type="button" class="sprite__smilefresh--after button__favorite-item" aria-describedby="itemCard_title_2518984893" aria-pressed="false" aria-label="관심상품 등록하기"></button></div></div></div></div></li><li class="list-item"><div class="box__itemcard-container"><div class="box__itemcard-body"><div class="box__itemcard-inner"><span class="box__thumbnail__label">61</span><a class="link__itemcard" href="https://item.gmarket.co.kr/Item?goodscode=3982619043" tabindex="-1" aria-hidden="true"><span class="box__itemcard-img"><img class="image__itemcard no-js-400?ver=1725142522" src="data:image/gif;base64,R0lGODlhAQABAIAAAP///wAAACH5BAEAAAAALAAAAAABAAEAAAICRAEAOw==" alt="가격역주행 훈제오리 슬라이스 (800g) - 상품 이미지"/><noscript><style>.no-js-400?ver=1725142522 { display: none !important; }</style><img class="image__itemcard" src="https://gdimg.gmarket.co.kr/3982619043/still/400?ver=1725142522" alt="가격역주행 훈제오리 슬라이스 (800g) - 상품 이미지"/></noscript></span></a><div class="box__itemcard-info"><div class="box__element-info"><div class="element-info-qty"><button aria-describedby="itemCard_title_3982619043" class="sprite__smilefresh--before element-info-qty-minus" aria-disabled="true"><span class="for-a11y">상품 수 <!-- -->1<!-- --> 감소</span></button><span class="element-info-item-qty" aria-describedby="itemCard_title_3982619043"><span class="for-a11y">선택된 수량</span> <!-- -->1</span><button aria-describedby="itemCard_title_3982619043" class="sprite__smilefresh--before element-info-qty-plus"><span class="for-a11y">상품 수 <!-- -->1<!-- --> 증가</span></button></div><button type="button" class="sprite__smilefresh--before element-info-cart" aria-describedby="itemCard_title_3982619043"><span class="for-a11y">장바구니 담기</span></button></div><a href="https://item.gmarket.co.kr/Item?goodscode=3982619043" class="link__itemcard-info"><span class="box__itemcard-title-area" id="itemCard_title_3982619043"><span class="text__title" id="item_title">가격역주행 훈제오리 슬라이스 (800g)</span></span><span class="box__itemcard-price-area"><span class="box__price-seller"><span class="for-a11y">판매가</span><strong class="text__price-seller">14,480</strong><span class="text__unit">원</span></span></span><span class="box__itemcard-info-score"><span class="sprite__smilefresh--before box__score-awards"><span class="for-a11y">평점</span><span class="text text__score">4.7</span><span class="for-a11y">후기</span><span class="text text__num">(323)</span><span class="for-a11y">건</span></span><span class="box__score-buycnt"><span class="text text__buy">구매</span><span class="text text__num">766</span><span class="for-a11y">건</span></span></span><span class="box__itemcard-benefit-tag"><span class="box__tag box__tag-coupon"><span class="sprite__smilefresh--before box__inner">15% 쿠폰</span></span></span></a><button type="button" class="sprite__smilefresh--after button__favorite-item" aria-describedby="itemCard_title_3982619043" aria-pressed="false" aria-label="관심상품 등록하기"></button></div></div></div></div></li><li class="list-item"><div class="box__itemcard-container"><div class="box__itemcard-body"><div class="box__itemcard-inner"><span class="box__thumbnail__label">62</span><a class="link__itemcard" href="https://item.gmarket.co.kr/Item?goodscode=2522807845" tabindex="-1" aria-hidden="true"><span class="box__itemcard-img"><img class="image__itemcard no-js-400?ver=1725107790" src="data:image/gif;base64,R0lGODlhAQABAIAAAP///wAAACH5BAEAAAAALAAAAAABAAEAAAICRAEAOw==" alt="노브랜드 크리스피모짜렐라핫도그500g - 상품 이미지"/><noscript><style>.no-js-400?ver=1725107790 { display: none !important; }</style><img class="image__itemcard" src="https://gdimg.gmarket.co.kr/2522807845/still/400?ver=1725107790" alt="노브랜드 크리스피모짜렐라핫도그500g - 상품 이미지"/></noscript></span></a><div class="box__itemcard-info"><div class="box__element-info"><div class="element-info-qty"><button aria-describedby="itemCard_title_2522807845" class="sprite__smilefresh--before element-info-qty-minus" aria-disabled="true"><span class="for-a11y">상품 수 <!-- -->1<!-- --> 감소</span></button><span class="element-info-item-qty" aria-describedby="itemCard_title_2522807845"><span class="for-a11y">선택된 수량</span> <!-- -->1</span><button aria-describedby="itemCard_title_2522807845" class="sprite__smilefresh--before element-info-qty-plus"><span class="for-a11y">상품 수 <!-- -->1<!-- --> 증가</span></button></div><button type="button" class="sprite__smilefresh--before element-info-cart" aria-describedby="itemCard_title_2522807845"><span class="for-a11y">장바구니 담기</span></button></div><a href="https://item.gmarket.co.kr/Item?goodscode=2522807845" class="link__itemcard-info"><span class="box__itemcard-title-area" id="itemCard_title_2522807845"><span class="text__brand"><span class="text">노브랜드</span></span><span class="text__title" id="item_title">노브랜드 크리스피모짜렐라핫도그500g</span></span><span class="box__itemcard-price-area"><span class="box__price-seller"><span class="for-a11y">판매가</span><strong class="text__price-seller">6,580</strong><span class="text__unit">원</span></span></span><span class="box__itemcard-info-score"><span class="sprite__smilefresh--before box__score-awards"><span class="for-a11y">평점</span><span class="text text__score">4.8</span><span class="for-a11y">후기</span><span class="text text__num">(4,194)</span><span class="for-a11y">건</span></span><span class="box__score-buycnt"><span class="text text__buy">구매</span><span class="text text__num">11,301</span><span class="for-a11y">건</span></span></span></a><button type="button" class="sprite__smilefresh--after button__favorite-item" aria-describedby="itemCard_title_2522807845" aria-pressed="false" aria-label="관심상품 등록하기"></button></div></div></div></div></li><li class="list-item"><div class="box__itemcard-container"><div class="box__itemcard-body"><div class="box__itemcard-inner"><span class="box__thumbnail__label">63</span><a class="link__itemcard" href="https://item.gmarket.co.kr/Item?goodscode=2522704063" tabindex="-1" aria-hidden="true"><span class="box__itemcard-img"><img class="image__itemcard no-js-400?ver=1725104017" src="data:image/gif;base64,R0lGODlhAQABAIAAAP///wAAACH5BAEAAAAALAAAAAABAAEAAAICRAEAOw==" alt="알뜰소세지 500g - 상품 이미지"/><noscript><style>.no-js-400?ver=1725104017 { display: none !important; }</style><img class="image__itemcard" src="https://gdimg.gmarket.co.kr/2522704063/still/400?ver=1725104017" alt="알뜰소세지 500g - 상품 이미지"/></noscript></span></a><div class="box__itemcard-info"><div class="box__element-info"><div class="element-info-qty"><button aria-describedby="itemCard_title_2522704063" class="sprite__smilefresh--before element-info-qty-minus" aria-disabled="true"><span class="for-a11y">상품 수 <!-- -->1<!-- --> 감소</span></button><span class="element-info-item-qty" aria-describedby="itemCard_title_2522704063"><span class="for-a11y">선택된 수량</span> <!-- -->1</span><button aria-describedby="itemCard_title_2522704063" class="sprite__smilefresh--before element-info-qty-plus"><span class="for-a11y">상품 수 <!-- -->1<!-- --> 증가</span></button></div><button type="button" class="sprite__smilefresh--before element-info-cart" aria-describedby="itemCard_title_2522704063"><span class="for-a11y">장바구니 담기</span></button></div><a href="https://item.gmarket.co.kr/Item?goodscode=2522704063" class="link__itemcard-info"><span class="box__itemcard-title-area" id="itemCard_title_2522704063"><span class="text__brand"><span class="text">롯데햄</span></span><span class="text__title" id="item_title">알뜰소세지 500g</span></span><span class="box__itemcard-price-area"><span class="box__price-seller"><span class="for-a11y">판매가</span><strong class="text__price-seller">3,480</strong><span class="text__unit">원</span></span></span><span class="box__itemcard-info-score"><span class="sprite__smilefresh--before box__score-awards"><span class="for-a11y">평점</span><span class="text text__score">4.8</span><span class="for-a11y">후기</span><span class="text text__num">(1,023)</span><span class="for-a11y">건</span></span><span class="box__score-buycnt"><span class="text text__buy">구매</span><span class="text text__num">2,519</span><span class="for-a11y">건</span></span></span><span class="box__itemcard-benefit-tag"><span class="box__tag box__tag-coupon"><span class="sprite__smilefresh--before box__inner">15% 쿠폰</span></span></span></a><button type="button" class="sprite__smilefresh--after button__favorite-item" aria-describedby="itemCard_title_2522704063" aria-pressed="false" aria-label="관심상품 등록하기"></button></div></div></div></div></li><li class="list-item"><div class="box__itemcard-container"><div class="box__itemcard-body"><div class="box__itemcard-inner"><span class="box__thumbnail__label">64</span><a class="link__itemcard" href="https://item.gmarket.co.kr/Item?goodscode=2522803963" tabindex="-1" aria-hidden="true"><span class="box__itemcard-img"><img class="image__itemcard no-js-400?ver=1725106017" src="data:image/gif;base64,R0lGODlhAQABAIAAAP///wAAACH5BAEAAAAALAAAAAABAAEAAAICRAEAOw==" alt="누들떡볶이떡 500g - 상품 이미지"/><noscript><style>.no-js-400?ver=1725106017 { display: none !important; }</style><img class="image__itemcard" src="https://gdimg.gmarket.co.kr/2522803963/still/400?ver=1725106017" alt="누들떡볶이떡 500g - 상품 이미지"/></noscript></span></a><div class="box__itemcard-info"><div class="box__element-info"><div class="element-info-qty"><button aria-describedby="itemCard_title_2522803963" class="sprite__smilefresh--before element-info-qty-minus" aria-disabled="true"><span class="for-a11y">상품 수 <!-- -->1<!-- --> 감소</span></button><span class="element-info-item-qty" aria-describedby="itemCard_title_2522803963"><span class="for-a11y">선택된 수량</span> <!-- -->1</span><button aria-describedby="itemCard_title_2522803963" class="sprite__smilefresh--before element-info-qty-plus"><span class="for-a11y">상품 수 <!-- -->1<!-- --> 증가</span></button></div><button type="button" class="sprite__smilefresh--before element-info-cart" aria-describedby="itemCard_title_2522803963"><span class="for-a11y">장바구니 담기</span></button></div><a href="https://item.gmarket.co.kr/Item?goodscode=2522803963" class="link__itemcard-info"><span class="box__itemcard-title-area" id="itemCard_title_2522803963"><span class="text__title" id="item_title">누들떡볶이떡 500g</span></span><span class="box__itemcard-price-area"><span class="box__price-seller"><span class="for-a11y">판매가</span><strong class="text__price-seller">2,980</strong><span class="text__unit">원</span></span></span><span class="box__itemcard-info-score"><span class="sprite__smilefresh--before box__score-awards"><span class="for-a11y">평점</span><span class="text text__score">4.7</span><span class="for-a11y">후기</span><span class="text text__num">(1,856)</span><span class="for-a11y">건</span></span><span class="box__score-buycnt"><span class="text text__buy">구매</span><span class="text text__num">4,988</span><span class="for-a11y">건</span></span></span><span class="box__itemcard-benefit-tag"><span class="box__tag box__tag-coupon"><span class="sprite__smilefresh--before box__inner">15% 쿠폰</span></span></span></a><button type="button" class="sprite__smilefresh--after button__favorite-item" aria-describedby="itemCard_title_2522803963" aria-pressed="false" aria-label="관심상품 등록하기"></button></div></div></div></div></li><li class="list-item"><div class="box__itemcard-container"><div class="box__itemcard-body"><div class="box__itemcard-inner"><span class="box__thumbnail__label">65</span><a class="link__itemcard" href="https://item.gmarket.co.kr/Item?goodscode=2518961648" tabindex="-1" aria-hidden="true"><span class="box__itemcard-img"><img class="image__itemcard no-js-400?ver=1725113003" src="data:image/gif;base64,R0lGODlhAQABAIAAAP///wAAACH5BAEAAAAALAAAAAABAAEAAAICRAEAOw==" alt="노브랜드 슬라이스맛단무지550g - 상품 이미지"/><noscript><style>.no-js-400?ver=1725113003 { display: none !important; }</style><img class="image__itemcard" src="https://gdimg.gmarket.co.kr/2518961648/still/400?ver=1725113003" alt="노브랜드 슬라이스맛단무지550g - 상품 이미지"/></noscript></span></a><div class="box__itemcard-info"><div class="box__element-info"><div class="element-info-qty"><button aria-describedby="itemCard_title_2518961648" class="sprite__smilefresh--before element-info-qty-minus" aria-disabled="true"><span class="for-a11y">상품 수 <!-- -->1<!-- --> 감소</span></button><span class="element-info-item-qty" aria-describedby="itemCard_title_2518961648"><span class="for-a11y">선택된 수량</span> <!-- -->1</span><button aria-describedby="itemCard_title_2518961648" class="sprite__smilefresh--before element-info-qty-plus"><span class="for-a11y">상품 수 <!-- -->1<!-- --> 증가</span></button></div><button type="button" class="sprite__smilefresh--before element-info-cart" aria-describedby="itemCard_title_2518961648"><span class="for-a11y">장바구니 담기</span></button></div><a href="https://item.gmarket.co.kr/Item?goodscode=2518961648" class="link__itemcard-info"><span class="box__itemcard-title-area" id="itemCard_title_2518961648"><span class="text__title" id="item_title">노브랜드 슬라이스맛단무지550g</span></span><span class="box__itemcard-price-area"><span class="box__price-seller"><span class="for-a11y">판매가</span><strong class="text__price-seller">2,680</strong><span class="text__unit">원</span></span></span><span class="box__itemcard-info-score"><span class="sprite__smilefresh--before box__score-awards"><span class="for-a11y">평점</span><span class="text text__score">4.7</span><span class="for-a11y">후기</span><span class="text text__num">(5,291)</span><span class="for-a11y">건</span></span><span class="box__score-buycnt"><span class="text text__buy">구매</span><span class="text text__num">12,452</span><span class="for-a11y">건</span></span></span></a><button type="button" class="sprite__smilefresh--after button__favorite-item" aria-describedby="itemCard_title_2518961648" aria-pressed="false" aria-label="관심상품 등록하기"></button></div></div></div></div></li><li class="list-item"><div class="box__itemcard-container"><div class="box__itemcard-body"><div class="box__itemcard-inner"><span class="box__thumbnail__label">66</span><a class="link__itemcard" href="https://item.gmarket.co.kr/Item?goodscode=2522511087" tabindex="-1" aria-hidden="true"><span class="box__itemcard-img"><img class="image__itemcard no-js-400?ver=1725101583" src="data:image/gif;base64,R0lGODlhAQABAIAAAP///wAAACH5BAEAAAAALAAAAAABAAEAAAICRAEAOw==" alt="노브랜드 빅그릴프랑크 550g - 상품 이미지"/><noscript><style>.no-js-400?ver=1725101583 { display: none !important; }</style><img class="image__itemcard" src="https://gdimg.gmarket.co.kr/2522511087/still/400?ver=1725101583" alt="노브랜드 빅그릴프랑크 550g - 상품 이미지"/></noscript></span></a><div class="box__itemcard-info"><div class="box__element-info"><div class="element-info-qty"><button aria-describedby="itemCard_title_2522511087" class="sprite__smilefresh--before element-info-qty-minus" aria-disabled="true"><span class="for-a11y">상품 수 <!-- -->1<!-- --> 감소</span></button><span class="element-info-item-qty" aria-describedby="itemCard_title_2522511087"><span class="for-a11y">선택된 수량</span> <!-- -->1</span><button aria-describedby="itemCard_title_2522511087" class="sprite__smilefresh--before element-info-qty-plus"><span class="for-a11y">상품 수 <!-- -->1<!-- --> 증가</span></button></div><button type="button" class="sprite__smilefresh--before element-info-cart" aria-describedby="itemCard_title_2522511087"><span class="for-a11y">장바구니 담기</span></button></div><a href="https://item.gmarket.co.kr/Item?goodscode=2522511087" class="link__itemcard-info"><span class="box__itemcard-title-area" id="itemCard_title_2522511087"><span class="text__brand"><span class="text">노브랜드</span></span><span class="text__title" id="item_title">노브랜드 빅그릴프랑크 550g</span></span><span class="box__itemcard-price-area"><span class="box__price-seller"><span class="for-a11y">판매가</span><strong class="text__price-seller">6,980</strong><span class="text__unit">원</span></span><span class="box__prime-cost"><span class="for-a11y">원가</span><span class="text__unit-cost">(<!-- -->10g당 127원<!-- -->)</span></span></span><span class="box__itemcard-info-score"><span class="sprite__smilefresh--before box__score-awards"><span class="for-a11y">평점</span><span class="text text__score">4.8</span><span class="for-a11y">후기</span><span class="text text__num">(2,080)</span><span class="for-a11y">건</span></span><span class="box__score-buycnt"><span class="text text__buy">구매</span><span class="text text__num">7,180</span><span class="for-a11y">건</span></span></span></a><button type="button" class="sprite__smilefresh--after button__favorite-item" aria-describedby="itemCard_title_2522511087" aria-pressed="false" aria-label="관심상품 등록하기"></button></div></div></div></div></li><li class="list-item"><div class="box__itemcard-container"><div class="box__itemcard-body"><div class="box__itemcard-inner"><span class="box__thumbnail__label">67</span><a class="link__itemcard" href="https://item.gmarket.co.kr/Item?goodscode=2523273425" tabindex="-1" aria-hidden="true"><span class="box__itemcard-img"><img class="image__itemcard no-js-400?ver=1725115669" src="data:image/gif;base64,R0lGODlhAQABAIAAAP///wAAACH5BAEAAAAALAAAAAABAAEAAAICRAEAOw==" alt="노브랜드꼬치어묵518g - 상품 이미지"/><noscript><style>.no-js-400?ver=1725115669 { display: none !important; }</style><img class="image__itemcard" src="https://gdimg.gmarket.co.kr/2523273425/still/400?ver=1725115669" alt="노브랜드꼬치어묵518g - 상품 이미지"/></noscript></span></a><div class="box__itemcard-info"><div class="box__element-info"><div class="element-info-qty"><button aria-describedby="itemCard_title_2523273425" class="sprite__smilefresh--before element-info-qty-minus" aria-disabled="true"><span class="for-a11y">상품 수 <!-- -->1<!-- --> 감소</span></button><span class="element-info-item-qty" aria-describedby="itemCard_title_2523273425"><span class="for-a11y">선택된 수량</span> <!-- -->1</span><button aria-describedby="itemCard_title_2523273425" class="sprite__smilefresh--before element-info-qty-plus"><span class="for-a11y">상품 수 <!-- -->1<!-- --> 증가</span></button></div><button type="button" class="sprite__smilefresh--before element-info-cart" aria-describedby="itemCard_title_2523273425"><span class="for-a11y">장바구니 담기</span></button></div><a href="https://item.gmarket.co.kr/Item?goodscode=2523273425" class="link__itemcard-info"><span class="box__itemcard-title-area" id="itemCard_title_2523273425"><span class="text__brand"><span class="text">노브랜드</span></span><span class="text__title" id="item_title">노브랜드꼬치어묵518g</span></span><span class="box__itemcard-price-area"><span class="box__price-seller"><span class="for-a11y">판매가</span><strong class="text__price-seller">4,880</strong><span class="text__unit">원</span></span><span class="box__prime-cost"><span class="for-a11y">원가</span><span class="text__unit-cost">(<!-- -->10g당 94원<!-- -->)</span></span></span><span class="box__itemcard-info-score"><span class="sprite__smilefresh--before box__score-awards"><span class="for-a11y">평점</span><span class="text text__score">4.8</span><span class="for-a11y">후기</span><span class="text text__num">(2,449)</span><span class="for-a11y">건</span></span><span class="box__score-buycnt"><span class="text text__buy">구매</span><span class="text text__num">7,560</span><span class="for-a11y">건</span></span></span></a><button type="button" class="sprite__smilefresh--after button__favorite-item" aria-describedby="itemCard_title_2523273425" aria-pressed="false" aria-label="관심상품 등록하기"></button></div></div></div></div></li><li class="list-item"><div class="box__itemcard-container"><div class="box__itemcard-body"><div class="box__itemcard-inner"><span class="box__thumbnail__label">68</span><a class="link__itemcard" href="https://item.gmarket.co.kr/Item?goodscode=2522755540" tabindex="-1" aria-hidden="true"><span class="box__itemcard-img"><img class="image__itemcard no-js-400?ver=1725106396" src="data:image/gif;base64,R0lGODlhAQABAIAAAP///wAAACH5BAEAAAAALAAAAAABAAEAAAICRAEAOw==" alt="노브랜드 쇠고기 사골미역국 500g - 상품 이미지"/><noscript><style>.no-js-400?ver=1725106396 { display: none !important; }</style><img class="image__itemcard" src="https://gdimg.gmarket.co.kr/2522755540/still/400?ver=1725106396" alt="노브랜드 쇠고기 사골미역국 500g - 상품 이미지"/></noscript></span></a><div class="box__itemcard-info"><div class="box__element-info"><div class="element-info-qty"><button aria-describedby="itemCard_title_2522755540" class="sprite__smilefresh--before element-info-qty-minus" aria-disabled="true"><span class="for-a11y">상품 수 <!-- -->1<!-- --> 감소</span></button><span class="element-info-item-qty" aria-describedby="itemCard_title_2522755540"><span class="for-a11y">선택된 수량</span> <!-- -->1</span><button aria-describedby="itemCard_title_2522755540" class="sprite__smilefresh--before element-info-qty-plus"><span class="for-a11y">상품 수 <!-- -->1<!-- --> 증가</span></button></div><button type="button" class="sprite__smilefresh--before element-info-cart" aria-describedby="itemCard_title_2522755540"><span class="for-a11y">장바구니 담기</span></button></div><a href="https://item.gmarket.co.kr/Item?goodscode=2522755540" class="link__itemcard-info"><span class="box__itemcard-title-area" id="itemCard_title_2522755540"><span class="text__brand"><span class="text">노브랜드</span></span><span class="text__title" id="item_title">노브랜드 쇠고기 사골미역국 500g</span></span><span class="box__itemcard-price-area"><span class="box__price-seller"><span class="for-a11y">판매가</span><strong class="text__price-seller">2,480</strong><span class="text__unit">원</span></span></span><span class="box__itemcard-info-score"><span class="sprite__smilefresh--before box__score-awards"><span class="for-a11y">평점</span><span class="text text__score">4.8</span><span class="for-a11y">후기</span><span class="text text__num">(3,044)</span><span class="for-a11y">건</span></span><span class="box__score-buycnt"><span class="text text__buy">구매</span><span class="text text__num">20,149</span><span class="for-a11y">건</span></span></span></a><button type="button" class="sprite__smilefresh--after button__favorite-item" aria-describedby="itemCard_title_2522755540" aria-pressed="false" aria-label="관심상품 등록하기"></button></div></div></div></div></li><li class="list-item"><div class="box__itemcard-container"><div class="box__itemcard-body"><div class="box__itemcard-inner"><span class="box__thumbnail__label">69</span><a class="link__itemcard" href="https://item.gmarket.co.kr/Item?goodscode=2518614548" tabindex="-1" aria-hidden="true"><span class="box__itemcard-img"><img class="image__itemcard no-js-400?ver=1725090973" src="data:image/gif;base64,R0lGODlhAQABAIAAAP///wAAACH5BAEAAAAALAAAAAABAAEAAAICRAEAOw==" alt="CJ 스팸25% 라이트 200g3입 - 상품 이미지"/><noscript><style>.no-js-400?ver=1725090973 { display: none !important; }</style><img class="image__itemcard" src="https://gdimg.gmarket.co.kr/2518614548/still/400?ver=1725090973" alt="CJ 스팸25% 라이트 200g3입 - 상품 이미지"/></noscript></span></a><div class="box__itemcard-info"><div class="box__element-info"><div class="element-info-qty"><button aria-describedby="itemCard_title_2518614548" class="sprite__smilefresh--before element-info-qty-minus" aria-disabled="true"><span class="for-a11y">상품 수 <!-- -->1<!-- --> 감소</span></button><span class="element-info-item-qty" aria-describedby="itemCard_title_2518614548"><span class="for-a11y">선택된 수량</span> <!-- -->1</span><button aria-describedby="itemCard_title_2518614548" class="sprite__smilefresh--before element-info-qty-plus"><span class="for-a11y">상품 수 <!-- -->1<!-- --> 증가</span></button></div><button type="button" class="sprite__smilefresh--before element-info-cart" aria-describedby="itemCard_title_2518614548"><span class="for-a11y">장바구니 담기</span></button></div><a href="https://item.gmarket.co.kr/Item?goodscode=2518614548" class="link__itemcard-info"><span class="box__itemcard-title-area" id="itemCard_title_2518614548"><span class="text__brand"><span class="text">스팸</span></span><span class="text__title" id="item_title">CJ 스팸25% 라이트 200g3입</span></span><span class="box__itemcard-price-area"><span class="box__price-seller"><span class="for-a11y">판매가</span><strong class="text__price-seller">9,980</strong><span class="text__unit">원</span></span><span class="box__prime-cost"><span class="for-a11y">원가</span><strong class="text__dc-rate">35<!-- -->%</strong><span class="text__prime-cost">15,480<span class="text__unit">원</span></span><span class="text__unit-cost">(<!-- -->10g당 166원<!-- -->)</span></span></span><span class="box__itemcard-info-score"><span class="sprite__smilefresh--before box__score-awards"><span class="for-a11y">평점</span><span class="text text__score">4.8</span><span class="for-a11y">후기</span><span class="text text__num">(76)</span><span class="for-a11y">건</span></span><span class="box__score-buycnt"><span class="text text__buy">구매</span><span class="text text__num">831</span><span class="for-a11y">건</span></span></span><span class="box__itemcard-benefit-tag"><span class="box__tag box__tag-coupon"><span class="sprite__smilefresh--before box__inner">15% 쿠폰</span></span></span></a><button type="button" class="sprite__smilefresh--after button__favorite-item" aria-describedby="itemCard_title_2518614548" aria-pressed="false" aria-label="관심상품 등록하기"></button></div></div></div></div></li><li class="list-item"><div class="box__itemcard-container"><div class="box__itemcard-body"><div class="box__itemcard-inner"><span class="box__thumbnail__label">70</span><a class="link__itemcard" href="https://item.gmarket.co.kr/Item?goodscode=2522803435" tabindex="-1" aria-hidden="true"><span class="box__itemcard-img"><img class="image__itemcard no-js-400?ver=1725105657" src="data:image/gif;base64,R0lGODlhAQABAIAAAP///wAAACH5BAEAAAAALAAAAAABAAEAAAICRAEAOw==" alt="CJ 비비고 한우사골곰탕 500g - 상품 이미지"/><noscript><style>.no-js-400?ver=1725105657 { display: none !important; }</style><img class="image__itemcard" src="https://gdimg.gmarket.co.kr/2522803435/still/400?ver=1725105657" alt="CJ 비비고 한우사골곰탕 500g - 상품 이미지"/></noscript></span></a><div class="box__itemcard-info"><div class="box__element-info"><div class="element-info-qty"><button aria-describedby="itemCard_title_2522803435" class="sprite__smilefresh--before element-info-qty-minus" aria-disabled="true"><span class="for-a11y">상품 수 <!-- -->1<!-- --> 감소</span></button><span class="element-info-item-qty" aria-describedby="itemCard_title_2522803435"><span class="for-a11y">선택된 수량</span> <!-- -->1</span><button aria-describedby="itemCard_title_2522803435" class="sprite__smilefresh--before element-info-qty-plus"><span class="for-a11y">상품 수 <!-- -->1<!-- --> 증가</span></button></div><button type="button" class="sprite__smilefresh--before element-info-cart" aria-describedby="itemCard_title_2522803435"><span class="for-a11y">장바구니 담기</span></button></div><a href="https://item.gmarket.co.kr/Item?goodscode=2522803435" class="link__itemcard-info"><span class="box__itemcard-title-area" id="itemCard_title_2522803435"><span class="text__brand"><span class="text">비비고</span></span><span class="text__title" id="item_title">CJ 비비고 한우사골곰탕 500g</span></span><span class="box__itemcard-price-area"><span class="box__price-seller"><span class="for-a11y">판매가</span><strong class="text__price-seller">3,480</strong><span class="text__unit">원</span></span></span><span class="box__itemcard-info-score"><span class="sprite__smilefresh--before box__score-awards"><span class="for-a11y">평점</span><span class="text text__score">4.8</span><span class="for-a11y">후기</span><span class="text text__num">(1,223)</span><span class="for-a11y">건</span></span><span class="box__score-buycnt"><span class="text text__buy">구매</span><span class="text text__num">8,093</span><span class="for-a11y">건</span></span></span><span class="box__itemcard-benefit-tag"><span class="box__tag box__tag-coupon"><span class="sprite__smilefresh--before box__inner">15% 쿠폰</span></span></span></a><button type="button" class="sprite__smilefresh--after button__favorite-item" aria-describedby="itemCard_title_2522803435" aria-pressed="false" aria-label="관심상품 등록하기"></button></div></div></div></div></li><li class="list-item"><div class="box__itemcard-container"><div class="box__itemcard-body"><div class="box__itemcard-inner"><span class="box__thumbnail__label">71</span><a class="link__itemcard" href="https://item.gmarket.co.kr/Item?goodscode=2886927570" tabindex="-1" aria-hidden="true"><span class="box__itemcard-img"><img class="image__itemcard no-js-400?ver=1725126525" src="data:image/gif;base64,R0lGODlhAQABAIAAAP///wAAACH5BAEAAAAALAAAAAABAAEAAAICRAEAOw==" alt="고메  소바바치킨 소이허니 순살 375G - 상품 이미지"/><noscript><style>.no-js-400?ver=1725126525 { display: none !important; }</style><img class="image__itemcard" src="https://gdimg.gmarket.co.kr/2886927570/still/400?ver=1725126525" alt="고메  소바바치킨 소이허니 순살 375G - 상품 이미지"/></noscript></span></a><div class="box__itemcard-info"><div class="box__element-info"><div class="element-info-qty"><button aria-describedby="itemCard_title_2886927570" class="sprite__smilefresh--before element-info-qty-minus" aria-disabled="true"><span class="for-a11y">상품 수 <!-- -->1<!-- --> 감소</span></button><span class="element-info-item-qty" aria-describedby="itemCard_title_2886927570"><span class="for-a11y">선택된 수량</span> <!-- -->1</span><button aria-describedby="itemCard_title_2886927570" class="sprite__smilefresh--before element-info-qty-plus"><span class="for-a11y">상품 수 <!-- -->1<!-- --> 증가</span></button></div><button type="button" class="sprite__smilefresh--before element-info-cart" aria-describedby="itemCard_title_2886927570"><span class="for-a11y">장바구니 담기</span></button></div><a href="https://item.gmarket.co.kr/Item?goodscode=2886927570" class="link__itemcard-info"><span class="box__itemcard-title-area" id="itemCard_title_2886927570"><span class="text__brand"><span class="text">고메</span></span><span class="text__title" id="item_title">고메  소바바치킨 소이허니 순살 375G</span></span><span class="box__itemcard-price-area"><span class="box__price-seller"><span class="for-a11y">판매가</span><strong class="text__price-seller">8,980</strong><span class="text__unit">원</span></span></span><span class="box__itemcard-info-score"><span class="sprite__smilefresh--before box__score-awards"><span class="for-a11y">평점</span><span class="text text__score">4.8</span><span class="for-a11y">후기</span><span class="text text__num">(1,227)</span><span class="for-a11y">건</span></span><span class="box__score-buycnt"><span class="text text__buy">구매</span><span class="text text__num">4,539</span><span class="for-a11y">건</span></span></span><span class="box__itemcard-benefit-tag"><span class="box__tag box__tag-coupon"><span class="sprite__smilefresh--before box__inner">15% 쿠폰</span></span></span></a><button type="button" class="sprite__smilefresh--after button__favorite-item" aria-describedby="itemCard_title_2886927570" aria-pressed="false" aria-label="관심상품 등록하기"></button></div></div></div></div></li><li class="list-item"><div class="box__itemcard-container"><div class="box__itemcard-body"><div class="box__itemcard-inner"><span class="box__thumbnail__label">72</span><a class="link__itemcard" href="https://item.gmarket.co.kr/Item?goodscode=2523274813" tabindex="-1" aria-hidden="true"><span class="box__itemcard-img"><img class="image__itemcard no-js-400?ver=1725116380" src="data:image/gif;base64,R0lGODlhAQABAIAAAP///wAAACH5BAEAAAAALAAAAAABAAEAAAICRAEAOw==" alt="노브랜드매운꼬치어묵528g - 상품 이미지"/><noscript><style>.no-js-400?ver=1725116380 { display: none !important; }</style><img class="image__itemcard" src="https://gdimg.gmarket.co.kr/2523274813/still/400?ver=1725116380" alt="노브랜드매운꼬치어묵528g - 상품 이미지"/></noscript></span></a><div class="box__itemcard-info"><div class="box__element-info"><div class="element-info-qty"><button aria-describedby="itemCard_title_2523274813" class="sprite__smilefresh--before element-info-qty-minus" aria-disabled="true"><span class="for-a11y">상품 수 <!-- -->1<!-- --> 감소</span></button><span class="element-info-item-qty" aria-describedby="itemCard_title_2523274813"><span class="for-a11y">선택된 수량</span> <!-- -->1</span><button aria-describedby="itemCard_title_2523274813" class="sprite__smilefresh--before element-info-qty-plus"><span class="for-a11y">상품 수 <!-- -->1<!-- --> 증가</span></button></div><button type="button" class="sprite__smilefresh--before element-info-cart" aria-describedby="itemCard_title_2523274813"><span class="for-a11y">장바구니 담기</span></button></div><a href="https://item.gmarket.co.kr/Item?goodscode=2523274813" class="link__itemcard-info"><span class="box__itemcard-title-area" id="itemCard_title_2523274813"><span class="text__brand"><span class="text">노브랜드</span></span><span class="text__title" id="item_title">노브랜드매운꼬치어묵528g</span></span><span class="box__itemcard-price-area"><span class="box__price-seller"><span class="for-a11y">판매가</span><strong class="text__price-seller">4,880</strong><span class="text__unit">원</span></span><span class="box__prime-cost"><span class="for-a11y">원가</span><span class="text__unit-cost">(<!-- -->10g당 92원<!-- -->)</span></span></span><span class="box__itemcard-info-score"><span class="sprite__smilefresh--before box__score-awards"><span class="for-a11y">평점</span><span class="text text__score">4.8</span><span class="for-a11y">후기</span><span class="text text__num">(2,372)</span><span class="for-a11y">건</span></span><span class="box__score-buycnt"><span class="text text__buy">구매</span><span class="text text__num">6,634</span><span class="for-a11y">건</span></span></span></a><button type="button" class="sprite__smilefresh--after button__favorite-item" aria-describedby="itemCard_title_2523274813" aria-pressed="false" aria-label="관심상품 등록하기"></button></div></div></div></div></li><li class="list-item"><div class="box__itemcard-container"><div class="box__itemcard-body"><div class="box__itemcard-inner"><span class="box__thumbnail__label">73</span><a class="link__itemcard" href="https://item.gmarket.co.kr/Item?goodscode=2518853424" tabindex="-1" aria-hidden="true"><span class="box__itemcard-img"><img class="image__itemcard no-js-400?ver=1725091647" src="data:image/gif;base64,R0lGODlhAQABAIAAAP///wAAACH5BAEAAAAALAAAAAABAAEAAAICRAEAOw==" alt="피코크 모싯잎송편 600g - 상품 이미지"/><noscript><style>.no-js-400?ver=1725091647 { display: none !important; }</style><img class="image__itemcard" src="https://gdimg.gmarket.co.kr/2518853424/still/400?ver=1725091647" alt="피코크 모싯잎송편 600g - 상품 이미지"/></noscript></span></a><div class="box__itemcard-info"><div class="box__element-info"><div class="element-info-qty"><button aria-describedby="itemCard_title_2518853424" class="sprite__smilefresh--before element-info-qty-minus" aria-disabled="true"><span class="for-a11y">상품 수 <!-- -->1<!-- --> 감소</span></button><span class="element-info-item-qty" aria-describedby="itemCard_title_2518853424"><span class="for-a11y">선택된 수량</span> <!-- -->1</span><button aria-describedby="itemCard_title_2518853424" class="sprite__smilefresh--before element-info-qty-plus"><span class="for-a11y">상품 수 <!-- -->1<!-- --> 증가</span></button></div><button type="button" class="sprite__smilefresh--before element-info-cart" aria-describedby="itemCard_title_2518853424"><span class="for-a11y">장바구니 담기</span></button></div><a href="https://item.gmarket.co.kr/Item?goodscode=2518853424" class="link__itemcard-info"><span class="box__itemcard-title-area" id="itemCard_title_2518853424"><span class="text__title" id="item_title">피코크 모싯잎송편 600g</span></span><span class="box__itemcard-price-area"><span class="box__price-seller"><span class="for-a11y">판매가</span><strong class="text__price-seller">7,980</strong><span class="text__unit">원</span></span></span><span class="box__itemcard-info-score"><span class="sprite__smilefresh--before box__score-awards"><span class="for-a11y">평점</span><span class="text text__score">4.7</span><span class="for-a11y">후기</span><span class="text text__num">(403)</span><span class="for-a11y">건</span></span><span class="box__score-buycnt"><span class="text text__buy">구매</span><span class="text text__num">1,158</span><span class="for-a11y">건</span></span></span><span class="box__itemcard-benefit-tag"><span class="box__tag box__tag-coupon"><span class="sprite__smilefresh--before box__inner">15% 쿠폰</span></span></span></a><button type="button" class="sprite__smilefresh--after button__favorite-item" aria-describedby="itemCard_title_2518853424" aria-pressed="false" aria-label="관심상품 등록하기"></button></div></div></div></div></li><li class="list-item"><div class="box__itemcard-container"><div class="box__itemcard-body"><div class="box__itemcard-inner"><span class="box__thumbnail__label">74</span><a class="link__itemcard" href="https://item.gmarket.co.kr/Item?goodscode=2522879388" tabindex="-1" aria-hidden="true"><span class="box__itemcard-img"><img class="image__itemcard no-js-400?ver=1725100101" src="data:image/gif;base64,R0lGODlhAQABAIAAAP///wAAACH5BAEAAAAALAAAAAABAAEAAAICRAEAOw==" alt="폰타나 스파게티 500g - 상품 이미지"/><noscript><style>.no-js-400?ver=1725100101 { display: none !important; }</style><img class="image__itemcard" src="https://gdimg.gmarket.co.kr/2522879388/still/400?ver=1725100101" alt="폰타나 스파게티 500g - 상품 이미지"/></noscript></span></a><div class="box__itemcard-info"><div class="box__element-info"><div class="element-info-qty"><button aria-describedby="itemCard_title_2522879388" class="sprite__smilefresh--before element-info-qty-minus" aria-disabled="true"><span class="for-a11y">상품 수 <!-- -->1<!-- --> 감소</span></button><span class="element-info-item-qty" aria-describedby="itemCard_title_2522879388"><span class="for-a11y">선택된 수량</span> <!-- -->1</span><button aria-describedby="itemCard_title_2522879388" class="sprite__smilefresh--before element-info-qty-plus"><span class="for-a11y">상품 수 <!-- -->1<!-- --> 증가</span></button></div><button type="button" class="sprite__smilefresh--before element-info-cart" aria-describedby="itemCard_title_2522879388"><span class="for-a11y">장바구니 담기</span></button></div><a href="https://item.gmarket.co.kr/Item?goodscode=2522879388" class="link__itemcard-info"><span class="box__itemcard-title-area" id="itemCard_title_2522879388"><span class="text__brand"><span class="text">폰타나</span></span><span class="text__title" id="item_title">폰타나 스파게티 500g</span></span><span class="box__itemcard-price-area"><span class="box__price-seller"><span class="for-a11y">판매가</span><strong class="text__price-seller">2,580</strong><span class="text__unit">원</span></span></span><span class="box__itemcard-info-score"><span class="sprite__smilefresh--before box__score-awards"><span class="for-a11y">평점</span><span class="text text__score">4.8</span><span class="for-a11y">후기</span><span class="text text__num">(1,819)</span><span class="for-a11y">건</span></span><span class="box__score-buycnt"><span class="text text__buy">구매</span><span class="text text__num">7,401</span><span class="for-a11y">건</span></span></span><span class="box__itemcard-benefit-tag"><span class="box__tag box__tag-coupon"><span class="sprite__smilefresh--before box__inner">15% 쿠폰</span></span></span></a><button type="button" class="sprite__smilefresh--after button__favorite-item" aria-describedby="itemCard_title_2522879388" aria-pressed="false" aria-label="관심상품 등록하기"></button></div></div></div></div></li><li class="list-item"><div class="box__itemcard-container"><div class="box__itemcard-body"><div class="box__itemcard-inner"><span class="box__thumbnail__label">75</span><a class="link__itemcard" href="https://item.gmarket.co.kr/Item?goodscode=2518871423" tabindex="-1" aria-hidden="true"><span class="box__itemcard-img"><img class="image__itemcard no-js-400?ver=1725112477" src="data:image/gif;base64,R0lGODlhAQABAIAAAP///wAAACH5BAEAAAAALAAAAAABAAEAAAICRAEAOw==" alt="피코크 전주식 콩나물해장국 500g - 상품 이미지"/><noscript><style>.no-js-400?ver=1725112477 { display: none !important; }</style><img class="image__itemcard" src="https://gdimg.gmarket.co.kr/2518871423/still/400?ver=1725112477" alt="피코크 전주식 콩나물해장국 500g - 상품 이미지"/></noscript></span></a><div class="box__itemcard-info"><div class="box__element-info"><div class="element-info-qty"><button aria-describedby="itemCard_title_2518871423" class="sprite__smilefresh--before element-info-qty-minus" aria-disabled="true"><span class="for-a11y">상품 수 <!-- -->1<!-- --> 감소</span></button><span class="element-info-item-qty" aria-describedby="itemCard_title_2518871423"><span class="for-a11y">선택된 수량</span> <!-- -->1</span><button aria-describedby="itemCard_title_2518871423" class="sprite__smilefresh--before element-info-qty-plus"><span class="for-a11y">상품 수 <!-- -->1<!-- --> 증가</span></button></div><button type="button" class="sprite__smilefresh--before element-info-cart" aria-describedby="itemCard_title_2518871423"><span class="for-a11y">장바구니 담기</span></button></div><a href="https://item.gmarket.co.kr/Item?goodscode=2518871423" class="link__itemcard-info"><span class="box__itemcard-title-area" id="itemCard_title_2518871423"><span class="text__brand"><span class="text">피코크</span></span><span class="text__title" id="item_title">피코크 전주식 콩나물해장국 500g</span></span><span class="box__itemcard-price-area"><span class="box__price-seller"><span class="for-a11y">판매가</span><strong class="text__price-seller">3,980</strong><span class="text__unit">원</span></span></span><span class="box__itemcard-info-score"><span class="sprite__smilefresh--before box__score-awards"><span class="for-a11y">평점</span><span class="text text__score">4.7</span><span class="for-a11y">후기</span><span class="text text__num">(1,642)</span><span class="for-a11y">건</span></span><span class="box__score-buycnt"><span class="text text__buy">구매</span><span class="text text__num">10,198</span><span class="for-a11y">건</span></span></span><span class="box__itemcard-benefit-tag"><span class="box__tag box__tag-coupon"><span class="sprite__smilefresh--before box__inner">15% 쿠폰</span></span></span></a><button type="button" class="sprite__smilefresh--after button__favorite-item" aria-describedby="itemCard_title_2518871423" aria-pressed="false" aria-label="관심상품 등록하기"></button></div></div></div></div></li><li class="list-item"><div class="box__itemcard-container"><div class="box__itemcard-body"><div class="box__itemcard-inner"><span class="box__thumbnail__label">76</span><a class="link__itemcard" href="https://item.gmarket.co.kr/Item?goodscode=2522874244" tabindex="-1" aria-hidden="true"><span class="box__itemcard-img"><img class="image__itemcard no-js-400?ver=1725118081" src="data:image/gif;base64,R0lGODlhAQABAIAAAP///wAAACH5BAEAAAAALAAAAAABAAEAAAICRAEAOw==" alt="노브랜드 그릴 함박 스테이크560g - 상품 이미지"/><noscript><style>.no-js-400?ver=1725118081 { display: none !important; }</style><img class="image__itemcard" src="https://gdimg.gmarket.co.kr/2522874244/still/400?ver=1725118081" alt="노브랜드 그릴 함박 스테이크560g - 상품 이미지"/></noscript></span></a><div class="box__itemcard-info"><div class="box__element-info"><div class="element-info-qty"><button aria-describedby="itemCard_title_2522874244" class="sprite__smilefresh--before element-info-qty-minus" aria-disabled="true"><span class="for-a11y">상품 수 <!-- -->1<!-- --> 감소</span></button><span class="element-info-item-qty" aria-describedby="itemCard_title_2522874244"><span class="for-a11y">선택된 수량</span> <!-- -->1</span><button aria-describedby="itemCard_title_2522874244" class="sprite__smilefresh--before element-info-qty-plus"><span class="for-a11y">상품 수 <!-- -->1<!-- --> 증가</span></button></div><button type="button" class="sprite__smilefresh--before element-info-cart" aria-describedby="itemCard_title_2522874244"><span class="for-a11y">장바구니 담기</span></button></div><a href="https://item.gmarket.co.kr/Item?goodscode=2522874244" class="link__itemcard-info"><span class="box__itemcard-title-area" id="itemCard_title_2522874244"><span class="text__brand"><span class="text">노브랜드</span></span><span class="text__title" id="item_title">노브랜드 그릴 함박 스테이크560g</span></span><span class="box__itemcard-price-area"><span class="box__price-seller"><span class="for-a11y">판매가</span><strong class="text__price-seller">6,980</strong><span class="text__unit">원</span></span></span><span class="box__itemcard-info-score"><span class="sprite__smilefresh--before box__score-awards"><span class="for-a11y">평점</span><span class="text text__score">4.8</span><span class="for-a11y">후기</span><span class="text text__num">(1,948)</span><span class="for-a11y">건</span></span><span class="box__score-buycnt"><span class="text text__buy">구매</span><span class="text text__num">5,218</span><span class="for-a11y">건</span></span></span></a><button type="button" class="sprite__smilefresh--after button__favorite-item" aria-describedby="itemCard_title_2522874244" aria-pressed="false" aria-label="관심상품 등록하기"></button></div></div></div></div></li><li class="list-item"><div class="box__itemcard-container"><div class="box__itemcard-body"><div class="box__itemcard-inner"><span class="box__thumbnail__label">77</span><a class="link__itemcard" href="https://item.gmarket.co.kr/Item?goodscode=2518862446" tabindex="-1" aria-hidden="true"><span class="box__itemcard-img"><img class="image__itemcard no-js-400?ver=1725113589" src="data:image/gif;base64,R0lGODlhAQABAIAAAP///wAAACH5BAEAAAAALAAAAAABAAEAAAICRAEAOw==" alt="CJ 햇반소프트밀 누룽지닭백숙죽 420g - 상품 이미지"/><noscript><style>.no-js-400?ver=1725113589 { display: none !important; }</style><img class="image__itemcard" src="https://gdimg.gmarket.co.kr/2518862446/still/400?ver=1725113589" alt="CJ 햇반소프트밀 누룽지닭백숙죽 420g - 상품 이미지"/></noscript></span></a><div class="box__itemcard-info"><div class="box__element-info"><div class="element-info-qty"><button aria-describedby="itemCard_title_2518862446" class="sprite__smilefresh--before element-info-qty-minus" aria-disabled="true"><span class="for-a11y">상품 수 <!-- -->1<!-- --> 감소</span></button><span class="element-info-item-qty" aria-describedby="itemCard_title_2518862446"><span class="for-a11y">선택된 수량</span> <!-- -->1</span><button aria-describedby="itemCard_title_2518862446" class="sprite__smilefresh--before element-info-qty-plus"><span class="for-a11y">상품 수 <!-- -->1<!-- --> 증가</span></button></div><button type="button" class="sprite__smilefresh--before element-info-cart" aria-describedby="itemCard_title_2518862446"><span class="for-a11y">장바구니 담기</span></button></div><a href="https://item.gmarket.co.kr/Item?goodscode=2518862446" class="link__itemcard-info"><span class="box__itemcard-title-area" id="itemCard_title_2518862446"><span class="text__brand"><span class="text">햇반</span></span><span class="text__title" id="item_title">CJ 햇반소프트밀 누룽지닭백숙죽 420g</span></span><span class="box__itemcard-price-area"><span class="box__price-seller"><span class="for-a11y">판매가</span><strong class="text__price-seller">4,980</strong><span class="text__unit">원</span></span></span><span class="box__itemcard-info-score"><span class="sprite__smilefresh--before box__score-awards"><span class="for-a11y">평점</span><span class="text text__score">4.7</span><span class="for-a11y">후기</span><span class="text text__num">(2,092)</span><span class="for-a11y">건</span></span><span class="box__score-buycnt"><span class="text text__buy">구매</span><span class="text text__num">12,795</span><span class="for-a11y">건</span></span></span><span class="box__itemcard-benefit-tag"><span class="box__tag box__tag-coupon"><span class="sprite__smilefresh--before box__inner">15% 쿠폰</span></span></span></a><button type="button" class="sprite__smilefresh--after button__favorite-item" aria-describedby="itemCard_title_2518862446" aria-pressed="false" aria-label="관심상품 등록하기"></button></div></div></div></div></li><li class="list-item"><div class="box__itemcard-container"><div class="box__itemcard-body"><div class="box__itemcard-inner"><span class="box__thumbnail__label">78</span><a class="link__itemcard" href="https://item.gmarket.co.kr/Item?goodscode=2518559847" tabindex="-1" aria-hidden="true"><span class="box__itemcard-img"><img class="image__itemcard no-js-400?ver=1725107973" src="data:image/gif;base64,R0lGODlhAQABAIAAAP///wAAACH5BAEAAAAALAAAAAABAAEAAAICRAEAOw==" alt="노브랜드감자튀김슈스트링700g - 상품 이미지"/><noscript><style>.no-js-400?ver=1725107973 { display: none !important; }</style><img class="image__itemcard" src="https://gdimg.gmarket.co.kr/2518559847/still/400?ver=1725107973" alt="노브랜드감자튀김슈스트링700g - 상품 이미지"/></noscript></span></a><div class="box__itemcard-info"><div class="box__element-info"><div class="element-info-qty"><button aria-describedby="itemCard_title_2518559847" class="sprite__smilefresh--before element-info-qty-minus" aria-disabled="true"><span class="for-a11y">상품 수 <!-- -->1<!-- --> 감소</span></button><span class="element-info-item-qty" aria-describedby="itemCard_title_2518559847"><span class="for-a11y">선택된 수량</span> <!-- -->1</span><button aria-describedby="itemCard_title_2518559847" class="sprite__smilefresh--before element-info-qty-plus"><span class="for-a11y">상품 수 <!-- -->1<!-- --> 증가</span></button></div><button type="button" class="sprite__smilefresh--before element-info-cart" aria-describedby="itemCard_title_2518559847"><span class="for-a11y">장바구니 담기</span></button></div><a href="https://item.gmarket.co.kr/Item?goodscode=2518559847" class="link__itemcard-info"><span class="box__itemcard-title-area" id="itemCard_title_2518559847"><span class="text__brand"><span class="text">노브랜드</span></span><span class="text__title" id="item_title">노브랜드감자튀김슈스트링700g</span></span><span class="box__itemcard-price-area"><span class="box__price-seller"><span class="for-a11y">판매가</span><strong class="text__price-seller">3,580</strong><span class="text__unit">원</span></span></span><span class="box__itemcard-info-score"><span class="sprite__smilefresh--before box__score-awards"><span class="for-a11y">평점</span><span class="text text__score">4.8</span><span class="for-a11y">후기</span><span class="text text__num">(2,738)</span><span class="for-a11y">건</span></span><span class="box__score-buycnt"><span class="text text__buy">구매</span><span class="text text__num">8,505</span><span class="for-a11y">건</span></span></span></a><button type="button" class="sprite__smilefresh--after button__favorite-item" aria-describedby="itemCard_title_2518559847" aria-pressed="false" aria-label="관심상품 등록하기"></button></div></div></div></div></li><li class="list-item"><div class="box__itemcard-container"><div class="box__itemcard-body"><div class="box__itemcard-inner"><span class="box__thumbnail__label">79</span><a class="link__itemcard" href="https://item.gmarket.co.kr/Item?goodscode=2933022641" tabindex="-1" aria-hidden="true"><span class="box__itemcard-img"><img class="image__itemcard no-js-400?ver=1725130294" src="data:image/gif;base64,R0lGODlhAQABAIAAAP///wAAACH5BAEAAAAALAAAAAABAAEAAAICRAEAOw==" alt="노브랜드 리얼햄 1kg - 상품 이미지"/><noscript><style>.no-js-400?ver=1725130294 { display: none !important; }</style><img class="image__itemcard" src="https://gdimg.gmarket.co.kr/2933022641/still/400?ver=1725130294" alt="노브랜드 리얼햄 1kg - 상품 이미지"/></noscript></span></a><div class="box__itemcard-info"><div class="box__element-info"><div class="element-info-qty"><button aria-describedby="itemCard_title_2933022641" class="sprite__smilefresh--before element-info-qty-minus" aria-disabled="true"><span class="for-a11y">상품 수 <!-- -->1<!-- --> 감소</span></button><span class="element-info-item-qty" aria-describedby="itemCard_title_2933022641"><span class="for-a11y">선택된 수량</span> <!-- -->1</span><button aria-describedby="itemCard_title_2933022641" class="sprite__smilefresh--before element-info-qty-plus"><span class="for-a11y">상품 수 <!-- -->1<!-- --> 증가</span></button></div><button type="button" class="sprite__smilefresh--before element-info-cart" aria-describedby="itemCard_title_2933022641"><span class="for-a11y">장바구니 담기</span></button></div><a href="https://item.gmarket.co.kr/Item?goodscode=2933022641" class="link__itemcard-info"><span class="box__itemcard-title-area" id="itemCard_title_2933022641"><span class="text__brand"><span class="text">노브랜드</span></span><span class="text__title" id="item_title">노브랜드 리얼햄 1kg</span></span><span class="box__itemcard-price-area"><span class="box__price-seller"><span class="for-a11y">판매가</span><strong class="text__price-seller">9,980</strong><span class="text__unit">원</span></span><span class="box__prime-cost"><span class="for-a11y">원가</span><span class="text__unit-cost">(<!-- -->10g당 100원<!-- -->)</span></span></span><span class="box__itemcard-info-score"><span class="sprite__smilefresh--before box__score-awards"><span class="for-a11y">평점</span><span class="text text__score">4.8</span><span class="for-a11y">후기</span><span class="text text__num">(2,220)</span><span class="for-a11y">건</span></span><span class="box__score-buycnt"><span class="text text__buy">구매</span><span class="text text__num">4,170</span><span class="for-a11y">건</span></span></span></a><button type="button" class="sprite__smilefresh--after button__favorite-item" aria-describedby="itemCard_title_2933022641" aria-pressed="false" aria-label="관심상품 등록하기"></button></div></div></div></div></li><li class="list-item"><div class="box__itemcard-container"><div class="box__itemcard-body"><div class="box__itemcard-inner"><span class="box__thumbnail__label">80</span><a class="link__itemcard" href="https://item.gmarket.co.kr/Item?goodscode=4014696946" tabindex="-1" aria-hidden="true"><span class="box__itemcard-img"><img class="image__itemcard no-js-400?ver=1725141986" src="data:image/gif;base64,R0lGODlhAQABAIAAAP///wAAACH5BAEAAAAALAAAAAABAAEAAAICRAEAOw==" alt="CJ 비비고 플랜테이블 잡채왕교자 385g - 상품 이미지"/><noscript><style>.no-js-400?ver=1725141986 { display: none !important; }</style><img class="image__itemcard" src="https://gdimg.gmarket.co.kr/4014696946/still/400?ver=1725141986" alt="CJ 비비고 플랜테이블 잡채왕교자 385g - 상품 이미지"/></noscript></span></a><div class="box__itemcard-info"><div class="box__element-info"><div class="element-info-qty"><button aria-describedby="itemCard_title_4014696946" class="sprite__smilefresh--before element-info-qty-minus" aria-disabled="true"><span class="for-a11y">상품 수 <!-- -->1<!-- --> 감소</span></button><span class="element-info-item-qty" aria-describedby="itemCard_title_4014696946"><span class="for-a11y">선택된 수량</span> <!-- -->1</span><button aria-describedby="itemCard_title_4014696946" class="sprite__smilefresh--before element-info-qty-plus"><span class="for-a11y">상품 수 <!-- -->1<!-- --> 증가</span></button></div><button type="button" class="sprite__smilefresh--before element-info-cart" aria-describedby="itemCard_title_4014696946"><span class="for-a11y">장바구니 담기</span></button></div><a href="https://item.gmarket.co.kr/Item?goodscode=4014696946" class="link__itemcard-info"><span class="box__itemcard-title-area" id="itemCard_title_4014696946"><span class="text__brand"><span class="text">비비고</span></span><span class="text__title" id="item_title">CJ 비비고 플랜테이블 잡채왕교자 385g</span></span><span class="box__itemcard-price-area"><span class="box__price-seller"><span class="for-a11y">판매가</span><strong class="text__price-seller">6,980</strong><span class="text__unit">원</span></span></span><span class="box__itemcard-info-score"><span class="sprite__smilefresh--before box__score-awards"><span class="for-a11y">평점</span><span class="text text__score">4.5</span><span class="for-a11y">후기</span><span class="text text__num">(16)</span><span class="for-a11y">건</span></span><span class="box__score-buycnt"><span class="text text__buy">구매</span><span class="text text__num">123</span><span class="for-a11y">건</span></span></span><span class="box__itemcard-benefit-tag"><span class="box__tag box__tag-coupon"><span class="sprite__smilefresh--before box__inner">15% 쿠폰</span></span></span></a><button type="button" class="sprite__smilefresh--after button__favorite-item" aria-describedby="itemCard_title_4014696946" aria-pressed="false" aria-label="관심상품 등록하기"></button></div></div></div></div></li><li class="list-item"><div class="box__itemcard-container"><div class="box__itemcard-body"><div class="box__itemcard-inner"><span class="box__thumbnail__label">81</span><a class="link__itemcard" href="https://item.gmarket.co.kr/Item?goodscode=2522414437" tabindex="-1" aria-hidden="true"><span class="box__itemcard-img"><img class="image__itemcard no-js-400?ver=1725101747" src="data:image/gif;base64,R0lGODlhAQABAIAAAP///wAAACH5BAEAAAAALAAAAAABAAEAAAICRAEAOw==" alt="동원 추억의 부산어묵 쫄깃사각 990 - 상품 이미지"/><noscript><style>.no-js-400?ver=1725101747 { display: none !important; }</style><img class="image__itemcard" src="https://gdimg.gmarket.co.kr/2522414437/still/400?ver=1725101747" alt="동원 추억의 부산어묵 쫄깃사각 990 - 상품 이미지"/></noscript></span></a><div class="box__itemcard-info"><div class="box__element-info"><div class="element-info-qty"><button aria-describedby="itemCard_title_2522414437" class="sprite__smilefresh--before element-info-qty-minus" aria-disabled="true"><span class="for-a11y">상품 수 <!-- -->1<!-- --> 감소</span></button><span class="element-info-item-qty" aria-describedby="itemCard_title_2522414437"><span class="for-a11y">선택된 수량</span> <!-- -->1</span><button aria-describedby="itemCard_title_2522414437" class="sprite__smilefresh--before element-info-qty-plus"><span class="for-a11y">상품 수 <!-- -->1<!-- --> 증가</span></button></div><button type="button" class="sprite__smilefresh--before element-info-cart" aria-describedby="itemCard_title_2522414437"><span class="for-a11y">장바구니 담기</span></button></div><a href="https://item.gmarket.co.kr/Item?goodscode=2522414437" class="link__itemcard-info"><span class="box__itemcard-title-area" id="itemCard_title_2522414437"><span class="text__brand"><span class="text">동원</span></span><span class="text__title" id="item_title">동원 추억의 부산어묵 쫄깃사각 990</span></span><span class="box__itemcard-price-area"><span class="box__price-seller"><span class="for-a11y">판매가</span><strong class="text__price-seller">5,980</strong><span class="text__unit">원</span></span><span class="box__prime-cost"><span class="for-a11y">원가</span><span class="text__unit-cost">(<!-- -->10g당 60원<!-- -->)</span></span></span><span class="box__itemcard-info-score"><span class="sprite__smilefresh--before box__score-awards"><span class="for-a11y">평점</span><span class="text text__score">4.8</span><span class="for-a11y">후기</span><span class="text text__num">(1,696)</span><span class="for-a11y">건</span></span><span class="box__score-buycnt"><span class="text text__buy">구매</span><span class="text text__num">3,569</span><span class="for-a11y">건</span></span></span><span class="box__itemcard-benefit-tag"><span class="box__tag box__tag-coupon"><span class="sprite__smilefresh--before box__inner">15% 쿠폰</span></span></span></a><button type="button" class="sprite__smilefresh--after button__favorite-item" aria-describedby="itemCard_title_2522414437" aria-pressed="false" aria-label="관심상품 등록하기"></button></div></div></div></div></li><li class="list-item"><div class="box__itemcard-container"><div class="box__itemcard-body"><div class="box__itemcard-inner"><span class="box__thumbnail__label">82</span><a class="link__itemcard" href="https://item.gmarket.co.kr/Item?goodscode=2518512473" tabindex="-1" aria-hidden="true"><span class="box__itemcard-img"><img class="image__itemcard no-js-400?ver=1725107074" src="data:image/gif;base64,R0lGODlhAQABAIAAAP///wAAACH5BAEAAAAALAAAAAABAAEAAAICRAEAOw==" alt="노브랜드 슬라이스햄 60g - 상품 이미지"/><noscript><style>.no-js-400?ver=1725107074 { display: none !important; }</style><img class="image__itemcard" src="https://gdimg.gmarket.co.kr/2518512473/still/400?ver=1725107074" alt="노브랜드 슬라이스햄 60g - 상품 이미지"/></noscript></span></a><div class="box__itemcard-info"><div class="box__element-info"><div class="element-info-qty"><button aria-describedby="itemCard_title_2518512473" class="sprite__smilefresh--before element-info-qty-minus" aria-disabled="true"><span class="for-a11y">상품 수 <!-- -->1<!-- --> 감소</span></button><span class="element-info-item-qty" aria-describedby="itemCard_title_2518512473"><span class="for-a11y">선택된 수량</span> <!-- -->1</span><button aria-describedby="itemCard_title_2518512473" class="sprite__smilefresh--before element-info-qty-plus"><span class="for-a11y">상품 수 <!-- -->1<!-- --> 증가</span></button></div><button type="button" class="sprite__smilefresh--before element-info-cart" aria-describedby="itemCard_title_2518512473"><span class="for-a11y">장바구니 담기</span></button></div><a href="https://item.gmarket.co.kr/Item?goodscode=2518512473" class="link__itemcard-info"><span class="box__itemcard-title-area" id="itemCard_title_2518512473"><span class="text__brand"><span class="text">노브랜드</span></span><span class="text__title" id="item_title">노브랜드 슬라이스햄 60g</span></span><span class="box__itemcard-price-area"><span class="box__price-seller"><span class="for-a11y">판매가</span><strong class="text__price-seller">1,180</strong><span class="text__unit">원</span></span></span><span class="box__itemcard-info-score"><span class="sprite__smilefresh--before box__score-awards"><span class="for-a11y">평점</span><span class="text text__score">4.8</span><span class="for-a11y">후기</span><span class="text text__num">(2,286)</span><span class="for-a11y">건</span></span><span class="box__score-buycnt"><span class="text text__buy">구매</span><span class="text text__num">14,175</span><span class="for-a11y">건</span></span></span></a><button type="button" class="sprite__smilefresh--after button__favorite-item" aria-describedby="itemCard_title_2518512473" aria-pressed="false" aria-label="관심상품 등록하기"></button></div></div></div></div></li><li class="list-item"><div class="box__itemcard-container"><div class="box__itemcard-body"><div class="box__itemcard-inner"><span class="box__thumbnail__label">83</span><a class="link__itemcard" href="https://item.gmarket.co.kr/Item?goodscode=2518853534" tabindex="-1" aria-hidden="true"><span class="box__itemcard-img"><img class="image__itemcard no-js-400?ver=1725091563" src="data:image/gif;base64,R0lGODlhAQABAIAAAP///wAAACH5BAEAAAAALAAAAAABAAEAAAICRAEAOw==" alt="피코크 흰송편 600g - 상품 이미지"/><noscript><style>.no-js-400?ver=1725091563 { display: none !important; }</style><img class="image__itemcard" src="https://gdimg.gmarket.co.kr/2518853534/still/400?ver=1725091563" alt="피코크 흰송편 600g - 상품 이미지"/></noscript></span></a><div class="box__itemcard-info"><div class="box__element-info"><div class="element-info-qty"><button aria-describedby="itemCard_title_2518853534" class="sprite__smilefresh--before element-info-qty-minus" aria-disabled="true"><span class="for-a11y">상품 수 <!-- -->1<!-- --> 감소</span></button><span class="element-info-item-qty" aria-describedby="itemCard_title_2518853534"><span class="for-a11y">선택된 수량</span> <!-- -->1</span><button aria-describedby="itemCard_title_2518853534" class="sprite__smilefresh--before element-info-qty-plus"><span class="for-a11y">상품 수 <!-- -->1<!-- --> 증가</span></button></div><button type="button" class="sprite__smilefresh--before element-info-cart" aria-describedby="itemCard_title_2518853534"><span class="for-a11y">장바구니 담기</span></button></div><a href="https://item.gmarket.co.kr/Item?goodscode=2518853534" class="link__itemcard-info"><span class="box__itemcard-title-area" id="itemCard_title_2518853534"><span class="text__title" id="item_title">피코크 흰송편 600g</span></span><span class="box__itemcard-price-area"><span class="box__price-seller"><span class="for-a11y">판매가</span><strong class="text__price-seller">7,980</strong><span class="text__unit">원</span></span></span><span class="box__itemcard-info-score"><span class="sprite__smilefresh--before box__score-awards"><span class="for-a11y">평점</span><span class="text text__score">4.6</span><span class="for-a11y">후기</span><span class="text text__num">(288)</span><span class="for-a11y">건</span></span><span class="box__score-buycnt"><span class="text text__buy">구매</span><span class="text text__num">1,158</span><span class="for-a11y">건</span></span></span><span class="box__itemcard-benefit-tag"><span class="box__tag box__tag-coupon"><span class="sprite__smilefresh--before box__inner">15% 쿠폰</span></span></span></a><button type="button" class="sprite__smilefresh--after button__favorite-item" aria-describedby="itemCard_title_2518853534" aria-pressed="false" aria-label="관심상품 등록하기"></button></div></div></div></div></li><li class="list-item"><div class="box__itemcard-container"><div class="box__itemcard-body"><div class="box__itemcard-inner"><span class="box__thumbnail__label">84</span><a class="link__itemcard" href="https://item.gmarket.co.kr/Item?goodscode=2522201854" tabindex="-1" aria-hidden="true"><span class="box__itemcard-img"><img class="image__itemcard no-js-400?ver=1725101078" src="data:image/gif;base64,R0lGODlhAQABAIAAAP///wAAACH5BAEAAAAALAAAAAABAAEAAAICRAEAOw==" alt="피코크 바삭탱글 김말이튀김 700g - 상품 이미지"/><noscript><style>.no-js-400?ver=1725101078 { display: none !important; }</style><img class="image__itemcard" src="https://gdimg.gmarket.co.kr/2522201854/still/400?ver=1725101078" alt="피코크 바삭탱글 김말이튀김 700g - 상품 이미지"/></noscript></span></a><div class="box__itemcard-info"><div class="box__element-info"><div class="element-info-qty"><button aria-describedby="itemCard_title_2522201854" class="sprite__smilefresh--before element-info-qty-minus" aria-disabled="true"><span class="for-a11y">상품 수 <!-- -->1<!-- --> 감소</span></button><span class="element-info-item-qty" aria-describedby="itemCard_title_2522201854"><span class="for-a11y">선택된 수량</span> <!-- -->1</span><button aria-describedby="itemCard_title_2522201854" class="sprite__smilefresh--before element-info-qty-plus"><span class="for-a11y">상품 수 <!-- -->1<!-- --> 증가</span></button></div><button type="button" class="sprite__smilefresh--before element-info-cart" aria-describedby="itemCard_title_2522201854"><span class="for-a11y">장바구니 담기</span></button></div><a href="https://item.gmarket.co.kr/Item?goodscode=2522201854" class="link__itemcard-info"><span class="box__itemcard-title-area" id="itemCard_title_2522201854"><span class="text__brand"><span class="text">피코크</span></span><span class="text__title" id="item_title">피코크 바삭탱글 김말이튀김 700g</span></span><span class="box__itemcard-price-area"><span class="box__price-seller"><span class="for-a11y">판매가</span><strong class="text__price-seller">4,980</strong><span class="text__unit">원</span></span></span><span class="box__itemcard-info-score"><span class="sprite__smilefresh--before box__score-awards"><span class="for-a11y">평점</span><span class="text text__score">4.7</span><span class="for-a11y">후기</span><span class="text text__num">(1,005)</span><span class="for-a11y">건</span></span><span class="box__score-buycnt"><span class="text text__buy">구매</span><span class="text text__num">1,957</span><span class="for-a11y">건</span></span></span><span class="box__itemcard-benefit-tag"><span class="box__tag box__tag-coupon"><span class="sprite__smilefresh--before box__inner">15% 쿠폰</span></span></span></a><button type="button" class="sprite__smilefresh--after button__favorite-item" aria-describedby="itemCard_title_2522201854" aria-pressed="false" aria-label="관심상품 등록하기"></button></div></div></div></div></li><li class="list-item"><div class="box__itemcard-container"><div class="box__itemcard-body"><div class="box__itemcard-inner"><span class="box__thumbnail__label">85</span><a class="link__itemcard" href="https://item.gmarket.co.kr/Item?goodscode=2518853173" tabindex="-1" aria-hidden="true"><span class="box__itemcard-img"><img class="image__itemcard no-js-400?ver=1725091630" src="data:image/gif;base64,R0lGODlhAQABAIAAAP///wAAACH5BAEAAAAALAAAAAABAAEAAAICRAEAOw==" alt="피코크순희네 녹두 빈대떡 400g - 상품 이미지"/><noscript><style>.no-js-400?ver=1725091630 { display: none !important; }</style><img class="image__itemcard" src="https://gdimg.gmarket.co.kr/2518853173/still/400?ver=1725091630" alt="피코크순희네 녹두 빈대떡 400g - 상품 이미지"/></noscript></span></a><div class="box__itemcard-info"><div class="box__element-info"><div class="element-info-qty"><button aria-describedby="itemCard_title_2518853173" class="sprite__smilefresh--before element-info-qty-minus" aria-disabled="true"><span class="for-a11y">상품 수 <!-- -->1<!-- --> 감소</span></button><span class="element-info-item-qty" aria-describedby="itemCard_title_2518853173"><span class="for-a11y">선택된 수량</span> <!-- -->1</span><button aria-describedby="itemCard_title_2518853173" class="sprite__smilefresh--before element-info-qty-plus"><span class="for-a11y">상품 수 <!-- -->1<!-- --> 증가</span></button></div><button type="button" class="sprite__smilefresh--before element-info-cart" aria-describedby="itemCard_title_2518853173"><span class="for-a11y">장바구니 담기</span></button></div><a href="https://item.gmarket.co.kr/Item?goodscode=2518853173" class="link__itemcard-info"><span class="box__itemcard-title-area" id="itemCard_title_2518853173"><span class="text__brand"><span class="text">피코크</span></span><span class="text__title" id="item_title">피코크순희네 녹두 빈대떡 400g</span></span><span class="box__itemcard-price-area"><span class="box__price-seller"><span class="for-a11y">판매가</span><strong class="text__price-seller">8,980</strong><span class="text__unit">원</span></span></span><span class="box__itemcard-info-score"><span class="sprite__smilefresh--before box__score-awards"><span class="for-a11y">평점</span><span class="text text__score">4.7</span><span class="for-a11y">후기</span><span class="text text__num">(1,404)</span><span class="for-a11y">건</span></span><span class="box__score-buycnt"><span class="text text__buy">구매</span><span class="text text__num">4,911</span><span class="for-a11y">건</span></span></span><span class="box__itemcard-benefit-tag"><span class="box__tag box__tag-coupon"><span class="sprite__smilefresh--before box__inner">15% 쿠폰</span></span></span></a><button type="button" class="sprite__smilefresh--after button__favorite-item" aria-describedby="itemCard_title_2518853173" aria-pressed="false" aria-label="관심상품 등록하기"></button></div></div></div></div></li><li class="list-item"><div class="box__itemcard-container"><div class="box__itemcard-body"><div class="box__itemcard-inner"><span class="box__thumbnail__label">86</span><a class="link__itemcard" href="https://item.gmarket.co.kr/Item?goodscode=2519350025" tabindex="-1" aria-hidden="true"><span class="box__itemcard-img"><img class="image__itemcard no-js-400?ver=1725100574" src="data:image/gif;base64,R0lGODlhAQABAIAAAP///wAAACH5BAEAAAAALAAAAAABAAEAAAICRAEAOw==" alt="노브랜드 리얼 핫도그 750g - 상품 이미지"/><noscript><style>.no-js-400?ver=1725100574 { display: none !important; }</style><img class="image__itemcard" src="https://gdimg.gmarket.co.kr/2519350025/still/400?ver=1725100574" alt="노브랜드 리얼 핫도그 750g - 상품 이미지"/></noscript></span></a><div class="box__itemcard-info"><div class="box__element-info"><div class="element-info-qty"><button aria-describedby="itemCard_title_2519350025" class="sprite__smilefresh--before element-info-qty-minus" aria-disabled="true"><span class="for-a11y">상품 수 <!-- -->1<!-- --> 감소</span></button><span class="element-info-item-qty" aria-describedby="itemCard_title_2519350025"><span class="for-a11y">선택된 수량</span> <!-- -->1</span><button aria-describedby="itemCard_title_2519350025" class="sprite__smilefresh--before element-info-qty-plus"><span class="for-a11y">상품 수 <!-- -->1<!-- --> 증가</span></button></div><button type="button" class="sprite__smilefresh--before element-info-cart" aria-describedby="itemCard_title_2519350025"><span class="for-a11y">장바구니 담기</span></button></div><a href="https://item.gmarket.co.kr/Item?goodscode=2519350025" class="link__itemcard-info"><span class="box__itemcard-title-area" id="itemCard_title_2519350025"><span class="text__brand"><span class="text">노브랜드</span></span><span class="text__title" id="item_title">노브랜드 리얼 핫도그 750g</span></span><span class="box__itemcard-price-area"><span class="box__price-seller"><span class="for-a11y">판매가</span><strong class="text__price-seller">8,280</strong><span class="text__unit">원</span></span></span><span class="box__itemcard-info-score"><span class="sprite__smilefresh--before box__score-awards"><span class="for-a11y">평점</span><span class="text text__score">4.7</span><span class="for-a11y">후기</span><span class="text text__num">(1,818)</span><span class="for-a11y">건</span></span><span class="box__score-buycnt"><span class="text text__buy">구매</span><span class="text text__num">6,401</span><span class="for-a11y">건</span></span></span></a><button type="button" class="sprite__smilefresh--after button__favorite-item" aria-describedby="itemCard_title_2519350025" aria-pressed="false" aria-label="관심상품 등록하기"></button></div></div></div></div></li><li class="list-item"><div class="box__itemcard-container"><div class="box__itemcard-body"><div class="box__itemcard-inner"><span class="box__thumbnail__label">87</span><a class="link__itemcard" href="https://item.gmarket.co.kr/Item?goodscode=2819982797" tabindex="-1" aria-hidden="true"><span class="box__itemcard-img"><img class="image__itemcard no-js-400?ver=1725129565" src="data:image/gif;base64,R0lGODlhAQABAIAAAP///wAAACH5BAEAAAAALAAAAAABAAEAAAICRAEAOw==" alt="풀무원 알뜰부산어묵 180g - 상품 이미지"/><noscript><style>.no-js-400?ver=1725129565 { display: none !important; }</style><img class="image__itemcard" src="https://gdimg.gmarket.co.kr/2819982797/still/400?ver=1725129565" alt="풀무원 알뜰부산어묵 180g - 상품 이미지"/></noscript></span></a><div class="box__itemcard-info"><div class="box__element-info"><div class="element-info-qty"><button aria-describedby="itemCard_title_2819982797" class="sprite__smilefresh--before element-info-qty-minus" aria-disabled="true"><span class="for-a11y">상품 수 <!-- -->1<!-- --> 감소</span></button><span class="element-info-item-qty" aria-describedby="itemCard_title_2819982797"><span class="for-a11y">선택된 수량</span> <!-- -->1</span><button aria-describedby="itemCard_title_2819982797" class="sprite__smilefresh--before element-info-qty-plus"><span class="for-a11y">상품 수 <!-- -->1<!-- --> 증가</span></button></div><button type="button" class="sprite__smilefresh--before element-info-cart" aria-describedby="itemCard_title_2819982797"><span class="for-a11y">장바구니 담기</span></button></div><a href="https://item.gmarket.co.kr/Item?goodscode=2819982797" class="link__itemcard-info"><span class="box__itemcard-title-area" id="itemCard_title_2819982797"><span class="text__brand"><span class="text">풀무원</span></span><span class="text__title" id="item_title">풀무원 알뜰부산어묵 180g</span></span><span class="box__itemcard-price-area"><span class="box__price-seller"><span class="for-a11y">판매가</span><strong class="text__price-seller">990</strong><span class="text__unit">원</span></span><span class="box__prime-cost"><span class="for-a11y">원가</span><span class="text__unit-cost">(<!-- -->10g당 55원<!-- -->)</span></span></span><span class="box__itemcard-info-score"><span class="sprite__smilefresh--before box__score-awards"><span class="for-a11y">평점</span><span class="text text__score">4.7</span><span class="for-a11y">후기</span><span class="text text__num">(4,080)</span><span class="for-a11y">건</span></span><span class="box__score-buycnt"><span class="text text__buy">구매</span><span class="text text__num">9,412</span><span class="for-a11y">건</span></span></span><span class="box__itemcard-benefit-tag"><span class="box__tag box__tag-coupon"><span class="sprite__smilefresh--before box__inner">15% 쿠폰</span></span></span></a><button type="button" class="sprite__smilefresh--after button__favorite-item" aria-describedby="itemCard_title_2819982797" aria-pressed="false" aria-label="관심상품 등록하기"></button></div></div></div></div></li><li class="list-item"><div class="box__itemcard-container"><div class="box__itemcard-body"><div class="box__itemcard-inner"><span class="box__thumbnail__label">88</span><a class="link__itemcard" href="https://item.gmarket.co.kr/Item?goodscode=2561908882" tabindex="-1" aria-hidden="true"><span class="box__itemcard-img"><img class="image__itemcard no-js-400?ver=1725090963" src="data:image/gif;base64,R0lGODlhAQABAIAAAP///wAAACH5BAEAAAAALAAAAAABAAEAAAICRAEAOw==" alt="일미 김밥단무지 400g - 상품 이미지"/><noscript><style>.no-js-400?ver=1725090963 { display: none !important; }</style><img class="image__itemcard" src="https://gdimg.gmarket.co.kr/2561908882/still/400?ver=1725090963" alt="일미 김밥단무지 400g - 상품 이미지"/></noscript></span></a><div class="box__itemcard-info"><div class="box__element-info"><div class="element-info-qty"><button aria-describedby="itemCard_title_2561908882" class="sprite__smilefresh--before element-info-qty-minus" aria-disabled="true"><span class="for-a11y">상품 수 <!-- -->1<!-- --> 감소</span></button><span class="element-info-item-qty" aria-describedby="itemCard_title_2561908882"><span class="for-a11y">선택된 수량</span> <!-- -->1</span><button aria-describedby="itemCard_title_2561908882" class="sprite__smilefresh--before element-info-qty-plus"><span class="for-a11y">상품 수 <!-- -->1<!-- --> 증가</span></button></div><button type="button" class="sprite__smilefresh--before element-info-cart" aria-describedby="itemCard_title_2561908882"><span class="for-a11y">장바구니 담기</span></button></div><a href="https://item.gmarket.co.kr/Item?goodscode=2561908882" class="link__itemcard-info"><span class="box__itemcard-title-area" id="itemCard_title_2561908882"><span class="text__title" id="item_title">일미 김밥단무지 400g</span></span><span class="box__itemcard-price-area"><span class="box__price-seller"><span class="for-a11y">판매가</span><strong class="text__price-seller">2,550</strong><span class="text__unit">원</span></span></span><span class="box__itemcard-info-score"><span class="sprite__smilefresh--before box__score-awards"><span class="for-a11y">평점</span><span class="text text__score">4.8</span><span class="for-a11y">후기</span><span class="text text__num">(2,985)</span><span class="for-a11y">건</span></span><span class="box__score-buycnt"><span class="text text__buy">구매</span><span class="text text__num">7,279</span><span class="for-a11y">건</span></span></span><span class="box__itemcard-benefit-tag"><span class="box__tag box__tag-coupon"><span class="sprite__smilefresh--before box__inner">15% 쿠폰</span></span></span></a><button type="button" class="sprite__smilefresh--after button__favorite-item" aria-describedby="itemCard_title_2561908882" aria-pressed="false" aria-label="관심상품 등록하기"></button></div></div></div></div></li><li class="list-item"><div class="box__itemcard-container"><div class="box__itemcard-body"><div class="box__itemcard-inner"><span class="box__thumbnail__label">89</span><a class="link__itemcard" href="https://item.gmarket.co.kr/Item?goodscode=2545373330" tabindex="-1" aria-hidden="true"><span class="box__itemcard-img"><img class="image__itemcard no-js-400?ver=1725125254" src="data:image/gif;base64,R0lGODlhAQABAIAAAP///wAAACH5BAEAAAAALAAAAAABAAEAAAICRAEAOw==" alt="오뚜기 옛날 사골곰탕 500g - 상품 이미지"/><noscript><style>.no-js-400?ver=1725125254 { display: none !important; }</style><img class="image__itemcard" src="https://gdimg.gmarket.co.kr/2545373330/still/400?ver=1725125254" alt="오뚜기 옛날 사골곰탕 500g - 상품 이미지"/></noscript></span></a><div class="box__itemcard-info"><div class="box__element-info"><div class="element-info-qty"><button aria-describedby="itemCard_title_2545373330" class="sprite__smilefresh--before element-info-qty-minus" aria-disabled="true"><span class="for-a11y">상품 수 <!-- -->1<!-- --> 감소</span></button><span class="element-info-item-qty" aria-describedby="itemCard_title_2545373330"><span class="for-a11y">선택된 수량</span> <!-- -->1</span><button aria-describedby="itemCard_title_2545373330" class="sprite__smilefresh--before element-info-qty-plus"><span class="for-a11y">상품 수 <!-- -->1<!-- --> 증가</span></button></div><button type="button" class="sprite__smilefresh--before element-info-cart" aria-describedby="itemCard_title_2545373330"><span class="for-a11y">장바구니 담기</span></button></div><a href="https://item.gmarket.co.kr/Item?goodscode=2545373330" class="link__itemcard-info"><span class="box__itemcard-title-area" id="itemCard_title_2545373330"><span class="text__brand"><span class="text">오뚜기</span></span><span class="text__title" id="item_title">오뚜기 옛날 사골곰탕 500g</span></span><span class="box__itemcard-price-area"><span class="box__price-seller"><span class="for-a11y">판매가</span><strong class="text__price-seller">1,100</strong><span class="text__unit">원</span></span></span><span class="box__itemcard-info-score"><span class="sprite__smilefresh--before box__score-awards"><span class="for-a11y">평점</span><span class="text text__score">4.8</span><span class="for-a11y">후기</span><span class="text text__num">(636)</span><span class="for-a11y">건</span></span><span class="box__score-buycnt"><span class="text text__buy">구매</span><span class="text text__num">6,543</span><span class="for-a11y">건</span></span></span><span class="box__itemcard-benefit-tag"><span class="box__tag box__tag-coupon"><span class="sprite__smilefresh--before box__inner">15% 쿠폰</span></span></span></a><button type="button" class="sprite__smilefresh--after button__favorite-item" aria-describedby="itemCard_title_2545373330" aria-pressed="false" aria-label="관심상품 등록하기"></button></div></div></div></div></li><li class="list-item"><div class="box__itemcard-container"><div class="box__itemcard-body"><div class="box__itemcard-inner"><span class="box__thumbnail__label">90</span><a class="link__itemcard" href="https://item.gmarket.co.kr/Item?goodscode=2518843897" tabindex="-1" aria-hidden="true"><span class="box__itemcard-img"><img class="image__itemcard no-js-400?ver=1725113583" src="data:image/gif;base64,R0lGODlhAQABAIAAAP///wAAACH5BAEAAAAALAAAAAABAAEAAAICRAEAOw==" alt="청정원 호밍스 도가니탕 450g - 상품 이미지"/><noscript><style>.no-js-400?ver=1725113583 { display: none !important; }</style><img class="image__itemcard" src="https://gdimg.gmarket.co.kr/2518843897/still/400?ver=1725113583" alt="청정원 호밍스 도가니탕 450g - 상품 이미지"/></noscript></span></a><div class="box__itemcard-info"><div class="box__element-info"><div class="element-info-qty"><button aria-describedby="itemCard_title_2518843897" class="sprite__smilefresh--before element-info-qty-minus" aria-disabled="true"><span class="for-a11y">상품 수 <!-- -->1<!-- --> 감소</span></button><span class="element-info-item-qty" aria-describedby="itemCard_title_2518843897"><span class="for-a11y">선택된 수량</span> <!-- -->1</span><button aria-describedby="itemCard_title_2518843897" class="sprite__smilefresh--before element-info-qty-plus"><span class="for-a11y">상품 수 <!-- -->1<!-- --> 증가</span></button></div><button type="button" class="sprite__smilefresh--before element-info-cart" aria-describedby="itemCard_title_2518843897"><span class="for-a11y">장바구니 담기</span></button></div><a href="https://item.gmarket.co.kr/Item?goodscode=2518843897" class="link__itemcard-info"><span class="box__itemcard-title-area" id="itemCard_title_2518843897"><span class="text__brand"><span class="text">청정원</span></span><span class="text__title" id="item_title">청정원 호밍스 도가니탕 450g</span></span><span class="box__itemcard-price-area"><span class="box__price-seller"><span class="for-a11y">판매가</span><strong class="text__price-seller">6,980</strong><span class="text__unit">원</span></span></span><span class="box__itemcard-info-score"><span class="sprite__smilefresh--before box__score-awards"><span class="for-a11y">평점</span><span class="text text__score">4.7</span><span class="for-a11y">후기</span><span class="text text__num">(594)</span><span class="for-a11y">건</span></span><span class="box__score-buycnt"><span class="text text__buy">구매</span><span class="text text__num">3,331</span><span class="for-a11y">건</span></span></span><span class="box__itemcard-benefit-tag"><span class="box__tag box__tag-coupon"><span class="sprite__smilefresh--before box__inner">15% 쿠폰</span></span></span></a><button type="button" class="sprite__smilefresh--after button__favorite-item" aria-describedby="itemCard_title_2518843897" aria-pressed="false" aria-label="관심상품 등록하기"></button></div></div></div></div></li><li class="list-item"><div class="box__itemcard-container"><div class="box__itemcard-body"><div class="box__itemcard-inner"><span class="box__thumbnail__label">91</span><a class="link__itemcard" href="https://item.gmarket.co.kr/Item?goodscode=2518947670" tabindex="-1" aria-hidden="true"><span class="box__itemcard-img"><img class="image__itemcard no-js-400?ver=1725113929" src="data:image/gif;base64,R0lGODlhAQABAIAAAP///wAAACH5BAEAAAAALAAAAAABAAEAAAICRAEAOw==" alt="목우촌 BIG 프라임 브런치부어스트 810g - 상품 이미지"/><noscript><style>.no-js-400?ver=1725113929 { display: none !important; }</style><img class="image__itemcard" src="https://gdimg.gmarket.co.kr/2518947670/still/400?ver=1725113929" alt="목우촌 BIG 프라임 브런치부어스트 810g - 상품 이미지"/></noscript></span></a><div class="box__itemcard-info"><div class="box__element-info"><div class="element-info-qty"><button aria-describedby="itemCard_title_2518947670" class="sprite__smilefresh--before element-info-qty-minus" aria-disabled="true"><span class="for-a11y">상품 수 <!-- -->1<!-- --> 감소</span></button><span class="element-info-item-qty" aria-describedby="itemCard_title_2518947670"><span class="for-a11y">선택된 수량</span> <!-- -->1</span><button aria-describedby="itemCard_title_2518947670" class="sprite__smilefresh--before element-info-qty-plus"><span class="for-a11y">상품 수 <!-- -->1<!-- --> 증가</span></button></div><button type="button" class="sprite__smilefresh--before element-info-cart" aria-describedby="itemCard_title_2518947670"><span class="for-a11y">장바구니 담기</span></button></div><a href="https://item.gmarket.co.kr/Item?goodscode=2518947670" class="link__itemcard-info"><span class="box__itemcard-title-area" id="itemCard_title_2518947670"><span class="text__brand"><span class="text">목우촌</span></span><span class="text__title" id="item_title">목우촌 BIG 프라임 브런치부어스트 810g</span></span><span class="box__itemcard-price-area"><span class="box__price-seller"><span class="for-a11y">판매가</span><strong class="text__price-seller">8,980</strong><span class="text__unit">원</span></span><span class="box__prime-cost"><span class="for-a11y">원가</span><span class="text__unit-cost">(<!-- -->10g당 111원<!-- -->)</span></span></span><span class="box__itemcard-info-score"><span class="sprite__smilefresh--before box__score-awards"><span class="for-a11y">평점</span><span class="text text__score">4.8</span><span class="for-a11y">후기</span><span class="text text__num">(600)</span><span class="for-a11y">건</span></span><span class="box__score-buycnt"><span class="text text__buy">구매</span><span class="text text__num">1,508</span><span class="for-a11y">건</span></span></span><span class="box__itemcard-benefit-tag"><span class="box__tag box__tag-coupon"><span class="sprite__smilefresh--before box__inner">15% 쿠폰</span></span></span></a><button type="button" class="sprite__smilefresh--after button__favorite-item" aria-describedby="itemCard_title_2518947670" aria-pressed="false" aria-label="관심상품 등록하기"></button></div></div></div></div></li><li class="list-item"><div class="box__itemcard-container"><div class="box__itemcard-body"><div class="box__itemcard-inner"><span class="box__thumbnail__label">92</span><a class="link__itemcard" href="https://item.gmarket.co.kr/Item?goodscode=2519387151" tabindex="-1" aria-hidden="true"><span class="box__itemcard-img"><img class="image__itemcard no-js-400?ver=1725124160" src="data:image/gif;base64,R0lGODlhAQABAIAAAP///wAAACH5BAEAAAAALAAAAAABAAEAAAICRAEAOw==" alt="오뚜기 청주식 돼지김치짜글이 450g - 상품 이미지"/><noscript><style>.no-js-400?ver=1725124160 { display: none !important; }</style><img class="image__itemcard" src="https://gdimg.gmarket.co.kr/2519387151/still/400?ver=1725124160" alt="오뚜기 청주식 돼지김치짜글이 450g - 상품 이미지"/></noscript></span></a><div class="box__itemcard-info"><div class="box__element-info"><div class="element-info-qty"><button aria-describedby="itemCard_title_2519387151" class="sprite__smilefresh--before element-info-qty-minus" aria-disabled="true"><span class="for-a11y">상품 수 <!-- -->1<!-- --> 감소</span></button><span class="element-info-item-qty" aria-describedby="itemCard_title_2519387151"><span class="for-a11y">선택된 수량</span> <!-- -->1</span><button aria-describedby="itemCard_title_2519387151" class="sprite__smilefresh--before element-info-qty-plus"><span class="for-a11y">상품 수 <!-- -->1<!-- --> 증가</span></button></div><button type="button" class="sprite__smilefresh--before element-info-cart" aria-describedby="itemCard_title_2519387151"><span class="for-a11y">장바구니 담기</span></button></div><a href="https://item.gmarket.co.kr/Item?goodscode=2519387151" class="link__itemcard-info"><span class="box__itemcard-title-area" id="itemCard_title_2519387151"><span class="text__brand"><span class="text">오뚜기</span></span><span class="text__title" id="item_title">오뚜기 청주식 돼지김치짜글이 450g</span></span><span class="box__itemcard-price-area"><span class="box__price-seller"><span class="for-a11y">판매가</span><strong class="text__price-seller">7,880</strong><span class="text__unit">원</span></span></span><span class="box__itemcard-info-score"><span class="sprite__smilefresh--before box__score-awards"><span class="for-a11y">평점</span><span class="text text__score">4.8</span><span class="for-a11y">후기</span><span class="text text__num">(1,435)</span><span class="for-a11y">건</span></span><span class="box__score-buycnt"><span class="text text__buy">구매</span><span class="text text__num">6,759</span><span class="for-a11y">건</span></span></span><span class="box__itemcard-benefit-tag"><span class="box__tag box__tag-coupon"><span class="sprite__smilefresh--before box__inner">15% 쿠폰</span></span></span></a><button type="button" class="sprite__smilefresh--after button__favorite-item" aria-describedby="itemCard_title_2519387151" aria-pressed="false" aria-label="관심상품 등록하기"></button></div></div></div></div></li><li class="list-item"><div class="box__itemcard-container"><div class="box__itemcard-body"><div class="box__itemcard-inner"><span class="box__thumbnail__label">93</span><a class="link__itemcard" href="https://item.gmarket.co.kr/Item?goodscode=2523271773" tabindex="-1" aria-hidden="true"><span class="box__itemcard-img"><img class="image__itemcard no-js-400?ver=1725117054" src="data:image/gif;base64,R0lGODlhAQABAIAAAP///wAAACH5BAEAAAAALAAAAAABAAEAAAICRAEAOw==" alt="노브랜드 치킨너겟800g - 상품 이미지"/><noscript><style>.no-js-400?ver=1725117054 { display: none !important; }</style><img class="image__itemcard" src="https://gdimg.gmarket.co.kr/2523271773/still/400?ver=1725117054" alt="노브랜드 치킨너겟800g - 상품 이미지"/></noscript></span></a><div class="box__itemcard-info"><div class="box__element-info"><div class="element-info-qty"><button aria-describedby="itemCard_title_2523271773" class="sprite__smilefresh--before element-info-qty-minus" aria-disabled="true"><span class="for-a11y">상품 수 <!-- -->1<!-- --> 감소</span></button><span class="element-info-item-qty" aria-describedby="itemCard_title_2523271773"><span class="for-a11y">선택된 수량</span> <!-- -->1</span><button aria-describedby="itemCard_title_2523271773" class="sprite__smilefresh--before element-info-qty-plus"><span class="for-a11y">상품 수 <!-- -->1<!-- --> 증가</span></button></div><button type="button" class="sprite__smilefresh--before element-info-cart" aria-describedby="itemCard_title_2523271773"><span class="for-a11y">장바구니 담기</span></button></div><a href="https://item.gmarket.co.kr/Item?goodscode=2523271773" class="link__itemcard-info"><span class="box__itemcard-title-area" id="itemCard_title_2523271773"><span class="text__brand"><span class="text">노브랜드</span></span><span class="text__title" id="item_title">노브랜드 치킨너겟800g</span></span><span class="box__itemcard-price-area"><span class="box__price-seller"><span class="for-a11y">판매가</span><strong class="text__price-seller">7,980</strong><span class="text__unit">원</span></span></span><span class="box__itemcard-info-score"><span class="sprite__smilefresh--before box__score-awards"><span class="for-a11y">평점</span><span class="text text__score">4.8</span><span class="for-a11y">후기</span><span class="text text__num">(1,263)</span><span class="for-a11y">건</span></span><span class="box__score-buycnt"><span class="text text__buy">구매</span><span class="text text__num">3,619</span><span class="for-a11y">건</span></span></span></a><button type="button" class="sprite__smilefresh--after button__favorite-item" aria-describedby="itemCard_title_2523271773" aria-pressed="false" aria-label="관심상품 등록하기"></button></div></div></div></div></li><li class="list-item"><div class="box__itemcard-container"><div class="box__itemcard-body"><div class="box__itemcard-inner"><span class="box__thumbnail__label">94</span><a class="link__itemcard" href="https://item.gmarket.co.kr/Item?goodscode=2518619978" tabindex="-1" aria-hidden="true"><span class="box__itemcard-img"><img class="image__itemcard no-js-400?ver=1725092021" src="data:image/gif;base64,R0lGODlhAQABAIAAAP///wAAACH5BAEAAAAALAAAAAABAAEAAAICRAEAOw==" alt="청정원 스파게티면 500g - 상품 이미지"/><noscript><style>.no-js-400?ver=1725092021 { display: none !important; }</style><img class="image__itemcard" src="https://gdimg.gmarket.co.kr/2518619978/still/400?ver=1725092021" alt="청정원 스파게티면 500g - 상품 이미지"/></noscript></span></a><div class="box__itemcard-info"><div class="box__element-info"><div class="element-info-qty"><button aria-describedby="itemCard_title_2518619978" class="sprite__smilefresh--before element-info-qty-minus" aria-disabled="true"><span class="for-a11y">상품 수 <!-- -->1<!-- --> 감소</span></button><span class="element-info-item-qty" aria-describedby="itemCard_title_2518619978"><span class="for-a11y">선택된 수량</span> <!-- -->1</span><button aria-describedby="itemCard_title_2518619978" class="sprite__smilefresh--before element-info-qty-plus"><span class="for-a11y">상품 수 <!-- -->1<!-- --> 증가</span></button></div><button type="button" class="sprite__smilefresh--before element-info-cart" aria-describedby="itemCard_title_2518619978"><span class="for-a11y">장바구니 담기</span></button></div><a href="https://item.gmarket.co.kr/Item?goodscode=2518619978" class="link__itemcard-info"><span class="box__itemcard-title-area" id="itemCard_title_2518619978"><span class="text__brand"><span class="text">청정원</span></span><span class="text__title" id="item_title">청정원 스파게티면 500g</span></span><span class="box__itemcard-price-area"><span class="box__price-seller"><span class="for-a11y">판매가</span><strong class="text__price-seller">2,980</strong><span class="text__unit">원</span></span></span><span class="box__itemcard-info-score"><span class="sprite__smilefresh--before box__score-awards"><span class="for-a11y">평점</span><span class="text text__score">4.8</span><span class="for-a11y">후기</span><span class="text text__num">(2,148)</span><span class="for-a11y">건</span></span><span class="box__score-buycnt"><span class="text text__buy">구매</span><span class="text text__num">7,353</span><span class="for-a11y">건</span></span></span><span class="box__itemcard-benefit-tag"><span class="box__tag box__tag-coupon"><span class="sprite__smilefresh--before box__inner">15% 쿠폰</span></span></span></a><button type="button" class="sprite__smilefresh--after button__favorite-item" aria-describedby="itemCard_title_2518619978" aria-pressed="false" aria-label="관심상품 등록하기"></button></div></div></div></div></li><li class="list-item"><div class="box__itemcard-container"><div class="box__itemcard-body"><div class="box__itemcard-inner"><span class="box__thumbnail__label">95</span><a class="link__itemcard" href="https://item.gmarket.co.kr/Item?goodscode=2518928865" tabindex="-1" aria-hidden="true"><span class="box__itemcard-img"><img class="image__itemcard no-js-400?ver=1725115730" src="data:image/gif;base64,R0lGODlhAQABAIAAAP///wAAACH5BAEAAAAALAAAAAABAAEAAAICRAEAOw==" alt="피코크 롱부어스트 225g - 상품 이미지"/><noscript><style>.no-js-400?ver=1725115730 { display: none !important; }</style><img class="image__itemcard" src="https://gdimg.gmarket.co.kr/2518928865/still/400?ver=1725115730" alt="피코크 롱부어스트 225g - 상품 이미지"/></noscript></span></a><div class="box__itemcard-info"><div class="box__element-info"><div class="element-info-qty"><button aria-describedby="itemCard_title_2518928865" class="sprite__smilefresh--before element-info-qty-minus" aria-disabled="true"><span class="for-a11y">상품 수 <!-- -->1<!-- --> 감소</span></button><span class="element-info-item-qty" aria-describedby="itemCard_title_2518928865"><span class="for-a11y">선택된 수량</span> <!-- -->1</span><button aria-describedby="itemCard_title_2518928865" class="sprite__smilefresh--before element-info-qty-plus"><span class="for-a11y">상품 수 <!-- -->1<!-- --> 증가</span></button></div><button type="button" class="sprite__smilefresh--before element-info-cart" aria-describedby="itemCard_title_2518928865"><span class="for-a11y">장바구니 담기</span></button></div><a href="https://item.gmarket.co.kr/Item?goodscode=2518928865" class="link__itemcard-info"><span class="box__itemcard-title-area" id="itemCard_title_2518928865"><span class="text__brand"><span class="text">피코크</span></span><span class="text__title" id="item_title">피코크 롱부어스트 225g</span></span><span class="box__itemcard-price-area"><span class="box__price-seller"><span class="for-a11y">판매가</span><strong class="text__price-seller">3,480</strong><span class="text__unit">원</span></span><span class="box__prime-cost"><span class="for-a11y">원가</span><span class="text__unit-cost">(<!-- -->10g당 155원<!-- -->)</span></span></span><span class="box__itemcard-info-score"><span class="sprite__smilefresh--before box__score-awards"><span class="for-a11y">평점</span><span class="text text__score">4.7</span><span class="for-a11y">후기</span><span class="text text__num">(1,517)</span><span class="for-a11y">건</span></span><span class="box__score-buycnt"><span class="text text__buy">구매</span><span class="text text__num">4,482</span><span class="for-a11y">건</span></span></span><span class="box__itemcard-benefit-tag"><span class="box__tag box__tag-coupon"><span class="sprite__smilefresh--before box__inner">15% 쿠폰</span></span></span></a><button type="button" class="sprite__smilefresh--after button__favorite-item" aria-describedby="itemCard_title_2518928865" aria-pressed="false" aria-label="관심상품 등록하기"></button></div></div></div></div></li><li class="list-item"><div class="box__itemcard-container"><div class="box__itemcard-body"><div class="box__itemcard-inner"><span class="box__thumbnail__label">96</span><a class="link__itemcard" href="https://item.gmarket.co.kr/Item?goodscode=2522451728" tabindex="-1" aria-hidden="true"><span class="box__itemcard-img"><img class="image__itemcard no-js-400?ver=1725101249" src="data:image/gif;base64,R0lGODlhAQABAIAAAP///wAAACH5BAEAAAAALAAAAAABAAEAAAICRAEAOw==" alt="CJ 햇반소프트밀 단호박죽 420g - 상품 이미지"/><noscript><style>.no-js-400?ver=1725101249 { display: none !important; }</style><img class="image__itemcard" src="https://gdimg.gmarket.co.kr/2522451728/still/400?ver=1725101249" alt="CJ 햇반소프트밀 단호박죽 420g - 상품 이미지"/></noscript></span></a><div class="box__itemcard-info"><div class="box__element-info"><div class="element-info-qty"><button aria-describedby="itemCard_title_2522451728" class="sprite__smilefresh--before element-info-qty-minus" aria-disabled="true"><span class="for-a11y">상품 수 <!-- -->1<!-- --> 감소</span></button><span class="element-info-item-qty" aria-describedby="itemCard_title_2522451728"><span class="for-a11y">선택된 수량</span> <!-- -->1</span><button aria-describedby="itemCard_title_2522451728" class="sprite__smilefresh--before element-info-qty-plus"><span class="for-a11y">상품 수 <!-- -->1<!-- --> 증가</span></button></div><button type="button" class="sprite__smilefresh--before element-info-cart" aria-describedby="itemCard_title_2522451728"><span class="for-a11y">장바구니 담기</span></button></div><a href="https://item.gmarket.co.kr/Item?goodscode=2522451728" class="link__itemcard-info"><span class="box__itemcard-title-area" id="itemCard_title_2522451728"><span class="text__brand"><span class="text">햇반</span></span><span class="text__title" id="item_title">CJ 햇반소프트밀 단호박죽 420g</span></span><span class="box__itemcard-price-area"><span class="box__price-seller"><span class="for-a11y">판매가</span><strong class="text__price-seller">4,980</strong><span class="text__unit">원</span></span></span><span class="box__itemcard-info-score"><span class="sprite__smilefresh--before box__score-awards"><span class="for-a11y">평점</span><span class="text text__score">4.8</span><span class="for-a11y">후기</span><span class="text text__num">(1,735)</span><span class="for-a11y">건</span></span><span class="box__score-buycnt"><span class="text text__buy">구매</span><span class="text text__num">9,428</span><span class="for-a11y">건</span></span></span><span class="box__itemcard-benefit-tag"><span class="box__tag box__tag-coupon"><span class="sprite__smilefresh--before box__inner">15% 쿠폰</span></span></span></a><button type="button" class="sprite__smilefresh--after button__favorite-item" aria-describedby="itemCard_title_2522451728" aria-pressed="false" aria-label="관심상품 등록하기"></button></div></div></div></div></li><li class="list-item"><div class="box__itemcard-container"><div class="box__itemcard-body"><div class="box__itemcard-inner"><span class="box__thumbnail__label">97</span><a class="link__itemcard" href="https://item.gmarket.co.kr/Item?goodscode=2519056566" tabindex="-1" aria-hidden="true"><span class="box__itemcard-img"><img class="image__itemcard no-js-400?ver=1725099447" src="data:image/gif;base64,R0lGODlhAQABAIAAAP///wAAACH5BAEAAAAALAAAAAABAAEAAAICRAEAOw==" alt="한성크래미145g2입기획 - 상품 이미지"/><noscript><style>.no-js-400?ver=1725099447 { display: none !important; }</style><img class="image__itemcard" src="https://gdimg.gmarket.co.kr/2519056566/still/400?ver=1725099447" alt="한성크래미145g2입기획 - 상품 이미지"/></noscript></span></a><div class="box__itemcard-info"><div class="box__element-info"><div class="element-info-qty"><button aria-describedby="itemCard_title_2519056566" class="sprite__smilefresh--before element-info-qty-minus" aria-disabled="true"><span class="for-a11y">상품 수 <!-- -->1<!-- --> 감소</span></button><span class="element-info-item-qty" aria-describedby="itemCard_title_2519056566"><span class="for-a11y">선택된 수량</span> <!-- -->1</span><button aria-describedby="itemCard_title_2519056566" class="sprite__smilefresh--before element-info-qty-plus"><span class="for-a11y">상품 수 <!-- -->1<!-- --> 증가</span></button></div><button type="button" class="sprite__smilefresh--before element-info-cart" aria-describedby="itemCard_title_2519056566"><span class="for-a11y">장바구니 담기</span></button></div><a href="https://item.gmarket.co.kr/Item?goodscode=2519056566" class="link__itemcard-info"><span class="box__itemcard-title-area" id="itemCard_title_2519056566"><span class="text__brand"><span class="text">한성기업</span></span><span class="text__title" id="item_title">한성크래미145g2입기획</span></span><span class="box__itemcard-price-area"><span class="box__price-seller"><span class="for-a11y">판매가</span><strong class="text__price-seller">4,980</strong><span class="text__unit">원</span></span><span class="box__prime-cost"><span class="for-a11y">원가</span><span class="text__unit-cost">(<!-- -->10g당 172원<!-- -->)</span></span></span><span class="box__itemcard-info-score"><span class="sprite__smilefresh--before box__score-awards"><span class="for-a11y">평점</span><span class="text text__score">4.7</span><span class="for-a11y">후기</span><span class="text text__num">(1,274)</span><span class="for-a11y">건</span></span><span class="box__score-buycnt"><span class="text text__buy">구매</span><span class="text text__num">4,436</span><span class="for-a11y">건</span></span></span><span class="box__itemcard-benefit-tag"><span class="box__tag box__tag-coupon"><span class="sprite__smilefresh--before box__inner">15% 쿠폰</span></span></span></a><button type="button" class="sprite__smilefresh--after button__favorite-item" aria-describedby="itemCard_title_2519056566" aria-pressed="false" aria-label="관심상품 등록하기"></button></div></div></div></div></li><li class="list-item"><div class="box__itemcard-container"><div class="box__itemcard-body"><div class="box__itemcard-inner"><span class="box__thumbnail__label">98</span><a class="link__itemcard" href="https://item.gmarket.co.kr/Item?goodscode=2522675720" tabindex="-1" aria-hidden="true"><span class="box__itemcard-img"><img class="image__itemcard no-js-400?ver=1725103846" src="data:image/gif;base64,R0lGODlhAQABAIAAAP///wAAACH5BAEAAAAALAAAAAABAAEAAAICRAEAOw==" alt="노브랜드 한입 눈꽃탕수육 375g - 상품 이미지"/><noscript><style>.no-js-400?ver=1725103846 { display: none !important; }</style><img class="image__itemcard" src="https://gdimg.gmarket.co.kr/2522675720/still/400?ver=1725103846" alt="노브랜드 한입 눈꽃탕수육 375g - 상품 이미지"/></noscript></span></a><div class="box__itemcard-info"><div class="box__element-info"><div class="element-info-qty"><button aria-describedby="itemCard_title_2522675720" class="sprite__smilefresh--before element-info-qty-minus" aria-disabled="true"><span class="for-a11y">상품 수 <!-- -->1<!-- --> 감소</span></button><span class="element-info-item-qty" aria-describedby="itemCard_title_2522675720"><span class="for-a11y">선택된 수량</span> <!-- -->1</span><button aria-describedby="itemCard_title_2522675720" class="sprite__smilefresh--before element-info-qty-plus"><span class="for-a11y">상품 수 <!-- -->1<!-- --> 증가</span></button></div><button type="button" class="sprite__smilefresh--before element-info-cart" aria-describedby="itemCard_title_2522675720"><span class="for-a11y">장바구니 담기</span></button></div><a href="https://item.gmarket.co.kr/Item?goodscode=2522675720" class="link__itemcard-info"><span class="box__itemcard-title-area" id="itemCard_title_2522675720"><span class="text__brand"><span class="text">노브랜드</span></span><span class="text__title" id="item_title">노브랜드 한입 눈꽃탕수육 375g</span></span><span class="box__itemcard-price-area"><span class="box__price-seller"><span class="for-a11y">판매가</span><strong class="text__price-seller">5,680</strong><span class="text__unit">원</span></span></span><span class="box__itemcard-info-score"><span class="sprite__smilefresh--before box__score-awards"><span class="for-a11y">평점</span><span class="text text__score">4.7</span><span class="for-a11y">후기</span><span class="text text__num">(1,725)</span><span class="for-a11y">건</span></span><span class="box__score-buycnt"><span class="text text__buy">구매</span><span class="text text__num">6,801</span><span class="for-a11y">건</span></span></span></a><button type="button" class="sprite__smilefresh--after button__favorite-item" aria-describedby="itemCard_title_2522675720" aria-pressed="false" aria-label="관심상품 등록하기"></button></div></div></div></div></li><li class="list-item"><div class="box__itemcard-container"><div class="box__itemcard-body"><div class="box__itemcard-inner"><span class="box__thumbnail__label">99</span><a class="link__itemcard" href="https://item.gmarket.co.kr/Item?goodscode=2518407756" tabindex="-1" aria-hidden="true"><span class="box__itemcard-img"><img class="image__itemcard no-js-400?ver=1725092734" src="data:image/gif;base64,R0lGODlhAQABAIAAAP///wAAACH5BAEAAAAALAAAAAABAAEAAAICRAEAOw==" alt="목우촌 주부9단 후랑크 500g - 상품 이미지"/><noscript><style>.no-js-400?ver=1725092734 { display: none !important; }</style><img class="image__itemcard" src="https://gdimg.gmarket.co.kr/2518407756/still/400?ver=1725092734" alt="목우촌 주부9단 후랑크 500g - 상품 이미지"/></noscript></span></a><div class="box__itemcard-info"><div class="box__element-info"><div class="element-info-qty"><button aria-describedby="itemCard_title_2518407756" class="sprite__smilefresh--before element-info-qty-minus" aria-disabled="true"><span class="for-a11y">상품 수 <!-- -->1<!-- --> 감소</span></button><span class="element-info-item-qty" aria-describedby="itemCard_title_2518407756"><span class="for-a11y">선택된 수량</span> <!-- -->1</span><button aria-describedby="itemCard_title_2518407756" class="sprite__smilefresh--before element-info-qty-plus"><span class="for-a11y">상품 수 <!-- -->1<!-- --> 증가</span></button></div><button type="button" class="sprite__smilefresh--before element-info-cart" aria-describedby="itemCard_title_2518407756"><span class="for-a11y">장바구니 담기</span></button></div><a href="https://item.gmarket.co.kr/Item?goodscode=2518407756" class="link__itemcard-info"><span class="box__itemcard-title-area" id="itemCard_title_2518407756"><span class="text__brand"><span class="text">목우촌</span></span><span class="text__title" id="item_title">목우촌 주부9단 후랑크 500g</span></span><span class="box__itemcard-price-area"><span class="box__price-seller"><span class="for-a11y">판매가</span><strong class="text__price-seller">7,980</strong><span class="text__unit">원</span></span></span><span class="box__itemcard-info-score"><span class="sprite__smilefresh--before box__score-awards"><span class="for-a11y">평점</span><span class="text text__score">4.8</span><span class="for-a11y">후기</span><span class="text text__num">(3,626)</span><span class="for-a11y">건</span></span><span class="box__score-buycnt"><span class="text text__buy">구매</span><span class="text text__num">11,556</span><span class="for-a11y">건</span></span></span><span class="box__itemcard-benefit-tag"><span class="box__tag box__tag-coupon"><span class="sprite__smilefresh--before box__inner">15% 쿠폰</span></span></span></a><button type="button" class="sprite__smilefresh--after button__favorite-item" aria-describedby="itemCard_title_2518407756" aria-pressed="false" aria-label="관심상품 등록하기"></button></div></div></div></div></li><li class="list-item"><div class="box__itemcard-container"><div class="box__itemcard-body"><div class="box__itemcard-inner"><span class="box__thumbnail__label">100</span><a class="link__itemcard" href="https://item.gmarket.co.kr/Item?goodscode=2518634096" tabindex="-1" aria-hidden="true"><span class="box__itemcard-img"><img class="image__itemcard no-js-400?ver=1725091949" src="data:image/gif;base64,R0lGODlhAQABAIAAAP///wAAACH5BAEAAAAALAAAAAABAAEAAAICRAEAOw==" alt="대림 맛살하면 역시 오양맛살 270g - 상품 이미지"/><noscript><style>.no-js-400?ver=1725091949 { display: none !important; }</style><img class="image__itemcard" src="https://gdimg.gmarket.co.kr/2518634096/still/400?ver=1725091949" alt="대림 맛살하면 역시 오양맛살 270g - 상품 이미지"/></noscript></span></a><div class="box__itemcard-info"><div class="box__element-info"><div class="element-info-qty"><button aria-describedby="itemCard_title_2518634096" class="sprite__smilefresh--before element-info-qty-minus" aria-disabled="true"><span class="for-a11y">상품 수 <!-- -->1<!-- --> 감소</span></button><span class="element-info-item-qty" aria-describedby="itemCard_title_2518634096"><span class="for-a11y">선택된 수량</span> <!-- -->1</span><button aria-describedby="itemCard_title_2518634096" class="sprite__smilefresh--before element-info-qty-plus"><span class="for-a11y">상품 수 <!-- -->1<!-- --> 증가</span></button></div><button type="button" class="sprite__smilefresh--before element-info-cart" aria-describedby="itemCard_title_2518634096"><span class="for-a11y">장바구니 담기</span></button></div><a href="https://item.gmarket.co.kr/Item?goodscode=2518634096" class="link__itemcard-info"><span class="box__itemcard-title-area" id="itemCard_title_2518634096"><span class="text__brand"><span class="text">오양</span></span><span class="text__title" id="item_title">대림 맛살하면 역시 오양맛살 270g</span></span><span class="box__itemcard-price-area"><span class="box__price-seller"><span class="for-a11y">판매가</span><strong class="text__price-seller">2,280</strong><span class="text__unit">원</span></span><span class="box__prime-cost"><span class="for-a11y">원가</span><span class="text__unit-cost">(<!-- -->10g당 84원<!-- -->)</span></span></span><span class="box__itemcard-info-score"><span class="sprite__smilefresh--before box__score-awards"><span class="for-a11y">평점</span><span class="text text__score">4.8</span><span class="for-a11y">후기</span><span class="text text__num">(1,839)</span><span class="for-a11y">건</span></span><span class="box__score-buycnt"><span class="text text__buy">구매</span><span class="text text__num">4,513</span><span class="for-a11y">건</span></span></span><span class="box__itemcard-benefit-tag"><span class="box__tag box__tag-coupon"><span class="sprite__smilefresh--before box__inner">15% 쿠폰</span></span></span></a><button type="button" class="sprite__smilefresh--after button__favorite-item" aria-describedby="itemCard_title_2518634096" aria-pressed="false" aria-label="관심상품 등록하기"></button></div></div></div></div></li></ul></div></div></div></div></div><div style="min-height:455px"></div><script src="https://script.gmarket.co.kr/mobile/js/common/kr/util/viewability.js"></script><script src="https://script.gmarket.co.kr/js/common/ats_gmkt.js"></script><script src="https://script.gmarket.co.kr/fnp/desktop-layout.js"></script></div><script id="__NEXT_DATA__" type="application/json">{"props":{"pageProps":{"serverData":{"user":{"isSmileClub":false,"hashedCguid":"MuRNNYHW7OuOgugtwPK0Jz7HajIwK5FDq7zFzNnlMPY="},"itemPage":{"error":false,"searchFilter":{"sortOrderby":0,"userAddressInfo":{"address":"로그인을 진행해 주세요","addressExposeType":"LoginRequired","nonDeliveryArea":false},"smileFreshDeliveryGuide":{"deliveryStoreType":"NoneDelivery"},"categories":[{"categoryNo":"100000000","categoryName":"정육/계란","categoryImageUrl":"https://image.gmarket.co.kr/hanbando/202209/2f7e5c38-9606-4f1a-912e-f969e22f430f.jpg","subCategories":[],"isNew":false},{"categoryNo":"100001005","categoryName":"과일","categoryImageUrl":"https://image.gmarket.co.kr/hanbando/202207/efc9fa9b-b4d8-4eb4-b44d-dc8a47a8c00a.jpg","subCategories":[],"isNew":false},{"categoryNo":"100001006","categoryName":"냉동/간편식","categoryImageUrl":"https://image.gmarket.co.kr/hanbando/202207/287cdcc7-47f4-4949-8cdf-2bfb4ff5522e.jpg","subCategories":[],"isNew":false},{"categoryNo":"100001007","categoryName":"쌀/잡곡","categoryImageUrl":"https://image.gmarket.co.kr/hanbando/202207/92c7e264-61a8-4e11-ab2b-d3ad8a7b3ab6.jpg","subCategories":[],"isNew":false},{"categoryNo":"100001008","categoryName":"채소/두부","categoryImageUrl":"https://image.gmarket.co.kr/hanbando/202209/eb8b0652-724b-465a-800a-49436a3f5435.jpg","subCategories":[],"isNew":false},{"categoryNo":"100001010","categoryName":"라면/즉석식품","categoryImageUrl":"https://image.gmarket.co.kr/hanbando/202207/9ac23369-57e8-4299-889a-4f5360cd3c28.jpg","subCategories":[],"isNew":false},{"categoryNo":"100001032","categoryName":"생수/음료","categoryImageUrl":"https://image.gmarket.co.kr/hanbando/202207/a28bdf02-b436-4466-88de-d8f11ca54296.jpg","subCategories":[],"isNew":false},{"categoryNo":"100001033","categoryName":"과자/아이스크림","categoryImageUrl":"https://image.gmarket.co.kr/hanbando/202207/fd43d2b2-4f77-4e2c-b5da-58d24b91d95b.jpg","subCategories":[],"isNew":false},{"categoryNo":"100001034","categoryName":"우유/유제품","categoryImageUrl":"https://image.gmarket.co.kr/hanbando/202207/f5f1f7ed-e6a5-4ecd-ac66-aa87756158c2.jpg","subCategories":[],"isNew":false},{"categoryNo":"100001035","categoryName":"장류/양념","categoryImageUrl":"https://image.gmarket.co.kr/hanbando/202207/089a0e40-92de-4a0e-a8cb-2a18f78c5691.jpg","subCategories":[],"isNew":false},{"categoryNo":"100001036","categoryName":"화장지/위생","categoryImageUrl":"https://image.gmarket.co.kr/hanbando/202207/a5b62bcd-46b5-4059-bb1b-e01878b77ef4.jpg","subCategories":[],"isNew":false},{"categoryNo":"100001037","categoryName":"커피/차","categoryImageUrl":"https://image.gmarket.co.kr/hanbando/202207/c5b6a09a-4955-4829-94d6-c62f818f2f34.jpg","subCategories":[],"isNew":false},{"categoryNo":"100001038","categoryName":"수산물","categoryImageUrl":"https://image.gmarket.co.kr/hanbando/202207/23143aa7-715d-4778-8b1e-ab87422a8d3a.jpg","subCategories":[],"isNew":false},{"categoryNo":"100001039","categoryName":"밀키트/반찬","categoryImageUrl":"https://image.gmarket.co.kr/hanbando/202207/85d41348-f077-4b90-b0ff-3599d16216b2.jpg","subCategories":[],"isNew":false},{"categoryNo":"100002000","categoryName":"베이커리/잼","categoryImageUrl":"https://image.gmarket.co.kr/hanbando/202208/ea1ecb73-6a2c-45f7-8a89-2e130b634a99.jpg","subCategories":[],"isNew":false},{"categoryNo":"100002001","categoryName":"건강식품","categoryImageUrl":"https://image.gmarket.co.kr/hanbando/202208/7088de74-301b-48ef-911c-f33ed6a22f9b.jpg","subCategories":[],"isNew":false},{"categoryNo":"100002002","categoryName":"세탁/청소/욕실용품","categoryImageUrl":"https://image.gmarket.co.kr/hanbando/202208/39888525-4f61-453f-865c-83b6ca536b58.jpg","subCategories":[],"isNew":false},{"categoryNo":"100002003","categoryName":"리빙","categoryImageUrl":"https://image.gmarket.co.kr/hanbando/202208/a9484e1d-492e-4ab4-84db-1a387177dcbf.jpg","subCategories":[],"isNew":false},{"categoryNo":"100002004","categoryName":"주방/일회용품","categoryImageUrl":"https://image.gmarket.co.kr/hanbando/202208/e0d7614a-763e-4d90-b696-b20c76e890ca.jpg","subCategories":[],"isNew":false},{"categoryNo":"100002005","categoryName":"생활잡화/공구","categoryImageUrl":"https://image.gmarket.co.kr/hanbando/202208/231a3b36-5d05-467d-a33a-8651b9cf19c6.jpg","subCategories":[],"isNew":false},{"categoryNo":"100002006","categoryName":"반려동물","categoryImageUrl":"https://image.gmarket.co.kr/hanbando/202208/692a0b18-2063-4f86-a0af-3f7bbee09696.jpg","subCategories":[],"isNew":false},{"categoryNo":"100002007","categoryName":"뷰티","categoryImageUrl":"https://image.gmarket.co.kr/hanbando/202208/ba755a2e-4a11-472c-92f0-6b82f671b1f8.jpg","subCategories":[],"isNew":false},{"categoryNo":"100002008","categoryName":"유아동/출산/완구","categoryImageUrl":"https://image.gmarket.co.kr/hanbando/202208/fd6fb0fe-4f81-48ea-bec2-5cc37db6fa18.jpg","subCategories":[],"isNew":false},{"categoryNo":"100002009","categoryName":"패션/언더웨어","categoryImageUrl":"https://image.gmarket.co.kr/hanbando/202208/315ccf35-b333-4017-b664-ccb1ba966ef0.jpg","subCategories":[],"isNew":false},{"categoryNo":"100002010","categoryName":"잡화/슈즈/명품","categoryImageUrl":"https://image.gmarket.co.kr/hanbando/202208/30fc0d1d-ea15-4e02-8f50-f144d06423ca.jpg","subCategories":[],"isNew":false},{"categoryNo":"100002011","categoryName":"스포츠/레저/자동차","categoryImageUrl":"https://image.gmarket.co.kr/hanbando/202208/fa99b668-5f13-496e-a62d-dce329ead7cc.jpg","subCategories":[],"isNew":false},{"categoryNo":"100002012","categoryName":"디지털/가전","categoryImageUrl":"https://image.gmarket.co.kr/hanbando/202208/f38a6d26-1cc0-4b33-bf23-f933c2190252.jpg","subCategories":[],"isNew":false},{"categoryNo":"100002013","categoryName":"문구/취미/도서","categoryImageUrl":"https://image.gmarket.co.kr/hanbando/202208/edd14751-f54a-48ff-ae9a-15a33b10c06c.jpg","subCategories":[],"isNew":false}],"sdBrands":[],"sortOptions":["Popularity","PriceAsc","PriceDesc","NewItemDesc","ReviewCountDesc","HomeShoppingRank"],"promotionGroups":[],"promotions":[],"discountBenefits":[],"isBigSmileFilterAvailable":false,"isFilterDisabled":false},"searchContent":{"sortOrderby":0,"pageNo":1,"pageSize":100,"totalResultCount":100,"banners":[],"bannerCount":0,"itemCount":100,"items":[{"itemNo":"2518942856","itemName":"다향 훈제오리 슬라이스 (600g)","itemUrl":"https://item.gmarket.co.kr/Item?goodscode=2518942856","imageUrl":"//gdimg.gmarket.co.kr/2518942856/still/400?ver=1725113927","sdBrandName":"다향오리","itemPrice":11980,"buyCount":16485,"reviewPoint":{"starPoint":4.75,"reviewCount":4274},"isBigSmileItem":false,"isSoldOut":false,"couponDiscount":{"discountType":"R","discountPrice":"0","discountRate":"15"},"cardDiscount":{"discountRate":0},"sellerInfo":{"sellCustNo":"155104283","sellLoginId":"emartmall2","nickname":"이마트몰쓱배송","isLmoOfficialSeller":false,"isFashionSquareSeller":false,"isBrandOfficialSeller":false},"hasOption":false,"isAdult":false,"isCartVisible":true,"discountRate":25,"sellPrice":15980,"tagLabels":[{"code":0,"text":"1"}],"buyUnitCount":1,"deliveryCode":"M","rank":1,"lcode":"100000036","mcode":"200002371","scode":"300028725"},{"itemNo":"2522503414","itemName":"목우촌 BIG 주부9단 비엔나소시지 1kg","itemUrl":"https://item.gmarket.co.kr/Item?goodscode=2522503414","imageUrl":"//gdimg.gmarket.co.kr/2522503414/still/400?ver=1725102481","sdBrandName":"목우촌","itemPrice":9980,"buyCount":62826,"reviewPoint":{"starPoint":4.8,"reviewCount":24091},"isBigSmileItem":false,"isSoldOut":false,"couponDiscount":{"discountType":"R","discountPrice":"0","discountRate":"15"},"cardDiscount":{"discountRate":0},"sellerInfo":{"sellCustNo":"155104283","sellLoginId":"emartmall2","nickname":"이마트몰쓱배송","isLmoOfficialSeller":false,"isFashionSquareSeller":false,"isBrandOfficialSeller":false},"hasOption":false,"isAdult":false,"isCartVisible":true,"discountRate":0,"sellPrice":9980,"tagLabels":[{"code":0,"text":"2"}],"buyUnitCount":1,"deliveryCode":"M","unitPrice":{"unit":10,"unitName":"g","price":100},"rank":2,"lcode":"100000036","mcode":"200002371","scode":"300024639"},{"itemNo":"2523330599","itemName":"노브랜드 크라비 맛살 150g","itemUrl":"https://item.gmarket.co.kr/Item?goodscode=2523330599","imageUrl":"//gdimg.gmarket.co.kr/2523330599/still/400?ver=1725100157","sdBrandName":"노브랜드","itemPrice":1880,"buyCount":97330,"reviewPoint":{"starPoint":4.77,"reviewCount":22827},"isBigSmileItem":false,"isSoldOut":false,"cardDiscount":{"discountRate":0},"sellerInfo":{"sellCustNo":"155104283","sellLoginId":"emartmall2","nickname":"이마트몰쓱배송","isLmoOfficialSeller":false,"isFashionSquareSeller":false,"isBrandOfficialSeller":false},"hasOption":false,"isAdult":false,"isCartVisible":true,"discountRate":0,"sellPrice":1880,"tagLabels":[{"code":0,"text":"3"}],"buyUnitCount":1,"deliveryCode":"M","unitPrice":{"unit":10,"unitName":"g","price":125},"rank":3,"lcode":"100000036","mcode":"200002930","scode":"300028705"},{"itemNo":"2519113700","itemName":"노브랜드 한입 떡갈비740g","itemUrl":"https://item.gmarket.co.kr/Item?goodscode=2519113700","imageUrl":"//gdimg.gmarket.co.kr/2519113700/still/400?ver=1725114988","sdBrandName":"노브랜드","itemPrice":6980,"buyCount":29229,"reviewPoint":{"starPoint":4.8,"reviewCount":9561},"isBigSmileItem":false,"isSoldOut":false,"cardDiscount":{"discountRate":0},"sellerInfo":{"sellCustNo":"155104283","sellLoginId":"emartmall2","nickname":"이마트몰쓱배송","isLmoOfficialSeller":false,"isFashionSquareSeller":false,"isBrandOfficialSeller":false},"hasOption":false,"isAdult":false,"isCartVisible":true,"discountRate":0,"sellPrice":6980,"tagLabels":[{"code":0,"text":"4"}],"buyUnitCount":1,"deliveryCode":"M","rank":4,"lcode":"100000036","mcode":"200002371","scode":"300028719"},{"itemNo":"2522275506","itemName":"비비고  왕교자1.12kg","itemUrl":"https://item.gmarket.co.kr/Item?goodscode=2522275506","imageUrl":"//gdimg.gmarket.co.kr/2522275506/still/400?ver=1725101329","sdBrandName":"비비고","itemPrice":10480,"buyCount":10701,"reviewPoint":{"starPoint":4.8,"reviewCount":2951},"isBigSmileItem":false,"isSoldOut":false,"couponDiscount":{"discountType":"R","discountPrice":"0","discountRate":"15"},"cardDiscount":{"discountRate":0},"sellerInfo":{"sellCustNo":"155104283","sellLoginId":"emartmall2","nickname":"이마트몰쓱배송","isLmoOfficialSeller":false,"isFashionSquareSeller":false,"isBrandOfficialSeller":false},"hasOption":false,"isAdult":false,"isCartVisible":true,"discountRate":0,"sellPrice":10480,"tagLabels":[{"code":0,"text":"5"}],"buyUnitCount":1,"deliveryCode":"M","rank":5,"lcode":"100000036","mcode":"200000642","scode":"300008265"},{"itemNo":"2519006638","itemName":"노브랜드 물만두1000g","itemUrl":"https://item.gmarket.co.kr/Item?goodscode=2519006638","imageUrl":"//gdimg.gmarket.co.kr/2519006638/still/400?ver=1725114823","sdBrandName":"노브랜드","itemPrice":5580,"buyCount":13979,"reviewPoint":{"starPoint":4.74,"reviewCount":5843},"isBigSmileItem":false,"isSoldOut":false,"cardDiscount":{"discountRate":0},"sellerInfo":{"sellCustNo":"155104283","sellLoginId":"emartmall2","nickname":"이마트몰쓱배송","isLmoOfficialSeller":false,"isFashionSquareSeller":false,"isBrandOfficialSeller":false},"hasOption":false,"isAdult":false,"isCartVisible":true,"discountRate":0,"sellPrice":5580,"tagLabels":[{"code":0,"text":"6"}],"buyUnitCount":1,"deliveryCode":"M","rank":6,"lcode":"100000036","mcode":"200000642","scode":"300008265"},{"itemNo":"2522459097","itemName":"CJ 비비고 돼지고기 김치찌개 460g","itemUrl":"https://item.gmarket.co.kr/Item?goodscode=2522459097","imageUrl":"//gdimg.gmarket.co.kr/2522459097/still/400?ver=1725101652","sdBrandName":"비비고","itemPrice":6980,"buyCount":13030,"reviewPoint":{"starPoint":4.75,"reviewCount":1589},"isBigSmileItem":false,"isSoldOut":false,"couponDiscount":{"discountType":"R","discountPrice":"0","discountRate":"15"},"cardDiscount":{"discountRate":0},"sellerInfo":{"sellCustNo":"155104283","sellLoginId":"emartmall2","nickname":"이마트몰쓱배송","isLmoOfficialSeller":false,"isFashionSquareSeller":false,"isBrandOfficialSeller":false},"hasOption":false,"isAdult":false,"isCartVisible":true,"discountRate":0,"sellPrice":6980,"tagLabels":[{"code":0,"text":"7"}],"buyUnitCount":1,"deliveryCode":"M","rank":7,"lcode":"100000036","mcode":"200000642","scode":"300028692"},{"itemNo":"2522726045","itemName":"노브랜드 아삭한 쌈무 350g","itemUrl":"https://item.gmarket.co.kr/Item?goodscode=2522726045","imageUrl":"//gdimg.gmarket.co.kr/2522726045/still/400?ver=1725104003","sdBrandName":"노브랜드","itemPrice":1880,"buyCount":34374,"reviewPoint":{"starPoint":4.77,"reviewCount":10350},"isBigSmileItem":false,"isSoldOut":false,"cardDiscount":{"discountRate":0},"sellerInfo":{"sellCustNo":"155104283","sellLoginId":"emartmall2","nickname":"이마트몰쓱배송","isLmoOfficialSeller":false,"isFashionSquareSeller":false,"isBrandOfficialSeller":false},"hasOption":false,"isAdult":false,"isCartVisible":true,"discountRate":0,"sellPrice":1880,"tagLabels":[{"code":0,"text":"8"}],"buyUnitCount":1,"deliveryCode":"M","rank":8,"lcode":"100000020","mcode":"200001222","scode":"300020128"},{"itemNo":"2523418577","itemName":"노브랜드 김밥용 맛 단무지 550g","itemUrl":"https://item.gmarket.co.kr/Item?goodscode=2523418577","imageUrl":"//gdimg.gmarket.co.kr/2523418577/still/400?ver=1725099920","sdBrandName":"노브랜드","itemPrice":2180,"buyCount":36954,"reviewPoint":{"starPoint":4.74,"reviewCount":15197},"isBigSmileItem":false,"isSoldOut":false,"cardDiscount":{"discountRate":0},"sellerInfo":{"sellCustNo":"155104283","sellLoginId":"emartmall2","nickname":"이마트몰쓱배송","isLmoOfficialSeller":false,"isFashionSquareSeller":false,"isBrandOfficialSeller":false},"hasOption":false,"isAdult":false,"isCartVisible":true,"discountRate":0,"sellPrice":2180,"tagLabels":[{"code":0,"text":"9"}],"buyUnitCount":1,"deliveryCode":"M","rank":9,"lcode":"100000020","mcode":"200001222","scode":"300020128"},{"itemNo":"2518559645","itemName":"노브랜드 해쉬브라운감자640g","itemUrl":"https://item.gmarket.co.kr/Item?goodscode=2518559645","imageUrl":"//gdimg.gmarket.co.kr/2518559645/still/400?ver=1725108173","sdBrandName":"노브랜드","itemPrice":2980,"buyCount":42022,"reviewPoint":{"starPoint":4.76,"reviewCount":12444},"isBigSmileItem":false,"isSoldOut":false,"cardDiscount":{"discountRate":0},"sellerInfo":{"sellCustNo":"155104283","sellLoginId":"emartmall2","nickname":"이마트몰쓱배송","isLmoOfficialSeller":false,"isFashionSquareSeller":false,"isBrandOfficialSeller":false},"hasOption":false,"isAdult":false,"isCartVisible":true,"discountRate":0,"sellPrice":2980,"tagLabels":[{"code":0,"text":"10"}],"buyUnitCount":1,"deliveryCode":"M","rank":10,"lcode":"100000036","mcode":"200000642","scode":"300028687"},{"itemNo":"2518445213","itemName":"CJ삼호 부산어묵 골드 사각300g","itemUrl":"https://item.gmarket.co.kr/Item?goodscode=2518445213","imageUrl":"//gdimg.gmarket.co.kr/2518445213/still/400?ver=1725088070","sdBrandName":"CJ제일제당","itemPrice":2540,"buyCount":19012,"reviewPoint":{"starPoint":4.75,"reviewCount":6577},"isBigSmileItem":false,"isSoldOut":false,"couponDiscount":{"discountType":"R","discountPrice":"0","discountRate":"15"},"cardDiscount":{"discountRate":0},"sellerInfo":{"sellCustNo":"155104283","sellLoginId":"emartmall2","nickname":"이마트몰쓱배송","isLmoOfficialSeller":false,"isFashionSquareSeller":false,"isBrandOfficialSeller":false},"hasOption":false,"isAdult":false,"isCartVisible":true,"discountRate":0,"sellPrice":2540,"tagLabels":[{"code":0,"text":"11"}],"buyUnitCount":1,"deliveryCode":"M","unitPrice":{"unit":10,"unitName":"g","price":85},"rank":11,"lcode":"100000036","mcode":"200002930","scode":"300028705"},{"itemNo":"2518872880","itemName":"노브랜드 맛있는 김밥용햄 150g","itemUrl":"https://item.gmarket.co.kr/Item?goodscode=2518872880","imageUrl":"//gdimg.gmarket.co.kr/2518872880/still/400?ver=1725113372","sdBrandName":"노브랜드","itemPrice":1680,"buyCount":32134,"reviewPoint":{"starPoint":4.77,"reviewCount":11920},"isBigSmileItem":false,"isSoldOut":false,"cardDiscount":{"discountRate":0},"sellerInfo":{"sellCustNo":"155104283","sellLoginId":"emartmall2","nickname":"이마트몰쓱배송","isLmoOfficialSeller":false,"isFashionSquareSeller":false,"isBrandOfficialSeller":false},"hasOption":false,"isAdult":false,"isCartVisible":true,"discountRate":0,"sellPrice":1680,"tagLabels":[{"code":0,"text":"12"}],"buyUnitCount":1,"deliveryCode":"M","unitPrice":{"unit":10,"unitName":"g","price":112},"rank":12,"lcode":"100000036","mcode":"200002371","scode":"300024639"},{"itemNo":"2522500620","itemName":"목우촌 BIG 주부9단 두툼프랑크 450g2","itemUrl":"https://item.gmarket.co.kr/Item?goodscode=2522500620","imageUrl":"//gdimg.gmarket.co.kr/2522500620/still/400?ver=1725102744","sdBrandName":"목우촌","itemPrice":8480,"buyCount":7268,"reviewPoint":{"starPoint":4.78,"reviewCount":2245},"isBigSmileItem":false,"isSoldOut":false,"couponDiscount":{"discountType":"R","discountPrice":"0","discountRate":"15"},"cardDiscount":{"discountRate":0},"sellerInfo":{"sellCustNo":"155104283","sellLoginId":"emartmall2","nickname":"이마트몰쓱배송","isLmoOfficialSeller":false,"isFashionSquareSeller":false,"isBrandOfficialSeller":false},"hasOption":false,"isAdult":false,"isCartVisible":true,"discountRate":0,"sellPrice":8480,"tagLabels":[{"code":0,"text":"13"}],"buyUnitCount":1,"deliveryCode":"M","unitPrice":{"unit":10,"unitName":"g","price":94},"rank":13,"lcode":"100000036","mcode":"200002371","scode":"300024639"},{"itemNo":"2518873625","itemName":"노브랜드 맛있는 김밥용맛살 165g","itemUrl":"https://item.gmarket.co.kr/Item?goodscode=2518873625","imageUrl":"//gdimg.gmarket.co.kr/2518873625/still/400?ver=1725113722","sdBrandName":"노브랜드","itemPrice":1680,"buyCount":47692,"reviewPoint":{"starPoint":4.76,"reviewCount":17756},"isBigSmileItem":false,"isSoldOut":false,"cardDiscount":{"discountRate":0},"sellerInfo":{"sellCustNo":"155104283","sellLoginId":"emartmall2","nickname":"이마트몰쓱배송","isLmoOfficialSeller":false,"isFashionSquareSeller":false,"isBrandOfficialSeller":false},"hasOption":false,"isAdult":false,"isCartVisible":true,"discountRate":0,"sellPrice":1680,"tagLabels":[{"code":0,"text":"14"}],"buyUnitCount":1,"deliveryCode":"M","unitPrice":{"unit":10,"unitName":"g","price":102},"rank":14,"lcode":"100000036","mcode":"200002930","scode":"300028705"},{"itemNo":"2518872330","itemName":"노브랜드 꽉찬 종합어묵 1000g","itemUrl":"https://item.gmarket.co.kr/Item?goodscode=2518872330","imageUrl":"//gdimg.gmarket.co.kr/2518872330/still/400?ver=1725112336","sdBrandName":"노브랜드","itemPrice":4980,"buyCount":42671,"reviewPoint":{"starPoint":4.72,"reviewCount":14393},"isBigSmileItem":false,"isSoldOut":false,"cardDiscount":{"discountRate":0},"sellerInfo":{"sellCustNo":"155104283","sellLoginId":"emartmall2","nickname":"이마트몰쓱배송","isLmoOfficialSeller":false,"isFashionSquareSeller":false,"isBrandOfficialSeller":false},"hasOption":false,"isAdult":false,"isCartVisible":true,"discountRate":0,"sellPrice":4980,"tagLabels":[{"code":0,"text":"15"}],"buyUnitCount":1,"deliveryCode":"M","unitPrice":{"unit":10,"unitName":"g","price":50},"rank":15,"lcode":"100000036","mcode":"200002930","scode":"300028705"},{"itemNo":"2523181903","itemName":"비비고 도톰 동그랑땡795g","itemUrl":"https://item.gmarket.co.kr/Item?goodscode=2523181903","imageUrl":"//gdimg.gmarket.co.kr/2523181903/still/400?ver=1725337866","sdBrandName":"비비고","itemPrice":9480,"buyCount":9360,"reviewPoint":{"starPoint":4.74,"reviewCount":2933},"isBigSmileItem":false,"isSoldOut":false,"couponDiscount":{"discountType":"R","discountPrice":"0","discountRate":"15"},"cardDiscount":{"discountRate":0},"sellerInfo":{"sellCustNo":"155104283","sellLoginId":"emartmall2","nickname":"이마트몰쓱배송","isLmoOfficialSeller":false,"isFashionSquareSeller":false,"isBrandOfficialSeller":false},"hasOption":false,"isAdult":false,"isCartVisible":true,"discountRate":0,"sellPrice":9480,"tagLabels":[{"code":0,"text":"16"}],"buyUnitCount":1,"deliveryCode":"M","rank":16,"lcode":"100000036","mcode":"200000642","scode":"300028689"},{"itemNo":"2522428430","itemName":"피코크 훈제막창 600g","itemUrl":"https://item.gmarket.co.kr/Item?goodscode=2522428430","imageUrl":"//gdimg.gmarket.co.kr/2522428430/still/400?ver=1725101233","sdBrandName":"피코크","itemPrice":14480,"buyCount":11980,"reviewPoint":{"starPoint":4.79,"reviewCount":3784},"isBigSmileItem":false,"isSoldOut":false,"couponDiscount":{"discountType":"R","discountPrice":"0","discountRate":"15"},"cardDiscount":{"discountRate":0},"sellerInfo":{"sellCustNo":"155104283","sellLoginId":"emartmall2","nickname":"이마트몰쓱배송","isLmoOfficialSeller":false,"isFashionSquareSeller":false,"isBrandOfficialSeller":false},"hasOption":false,"isAdult":false,"isCartVisible":true,"discountRate":0,"sellPrice":14480,"tagLabels":[{"code":0,"text":"17"}],"buyUnitCount":1,"deliveryCode":"M","rank":17,"lcode":"100000036","mcode":"200002371","scode":"300028710"},{"itemNo":"2522797834","itemName":"노브랜드 쫄깃한 베이컨 300g","itemUrl":"https://item.gmarket.co.kr/Item?goodscode=2522797834","imageUrl":"//gdimg.gmarket.co.kr/2522797834/still/400?ver=1725107793","sdBrandName":"노브랜드","itemPrice":4980,"buyCount":29839,"reviewPoint":{"starPoint":4.8,"reviewCount":9105},"isBigSmileItem":false,"isSoldOut":false,"cardDiscount":{"discountRate":0},"sellerInfo":{"sellCustNo":"155104283","sellLoginId":"emartmall2","nickname":"이마트몰쓱배송","isLmoOfficialSeller":false,"isFashionSquareSeller":false,"isBrandOfficialSeller":false},"hasOption":false,"isAdult":false,"isCartVisible":true,"discountRate":0,"sellPrice":4980,"tagLabels":[{"code":0,"text":"18"}],"buyUnitCount":1,"deliveryCode":"M","rank":18,"lcode":"100000036","mcode":"200002371","scode":"300028720"},{"itemNo":"2522778870","itemName":"피코크 맛있게 튀긴 등심돈까스 600g","itemUrl":"https://item.gmarket.co.kr/Item?goodscode=2522778870","imageUrl":"//gdimg.gmarket.co.kr/2522778870/still/400?ver=1725105823","sdBrandName":"피코크","itemPrice":10980,"buyCount":14179,"reviewPoint":{"starPoint":4.74,"reviewCount":5499},"isBigSmileItem":false,"isSoldOut":false,"couponDiscount":{"discountType":"R","discountPrice":"0","discountRate":"15"},"cardDiscount":{"discountRate":0},"sellerInfo":{"sellCustNo":"155104283","sellLoginId":"emartmall2","nickname":"이마트몰쓱배송","isLmoOfficialSeller":false,"isFashionSquareSeller":false,"isBrandOfficialSeller":false},"hasOption":false,"isAdult":false,"isCartVisible":true,"discountRate":0,"sellPrice":10980,"tagLabels":[{"code":0,"text":"19"}],"buyUnitCount":1,"deliveryCode":"M","rank":19,"lcode":"100000036","mcode":"200002371","scode":"300028717"},{"itemNo":"3020773572","itemName":"비비고  진한고기만두 327G","itemUrl":"https://item.gmarket.co.kr/Item?goodscode=3020773572","imageUrl":"//gdimg.gmarket.co.kr/3020773572/still/400?ver=1725135685","sdBrandName":"비비고","itemPrice":6980,"buyCount":10843,"reviewPoint":{"starPoint":4.73,"reviewCount":2359},"isBigSmileItem":false,"isSoldOut":false,"couponDiscount":{"discountType":"R","discountPrice":"0","discountRate":"15"},"cardDiscount":{"discountRate":0},"sellerInfo":{"sellCustNo":"155104283","sellLoginId":"emartmall2","nickname":"이마트몰쓱배송","isLmoOfficialSeller":false,"isFashionSquareSeller":false,"isBrandOfficialSeller":false},"hasOption":false,"isAdult":false,"isCartVisible":true,"discountRate":0,"sellPrice":6980,"tagLabels":[{"code":0,"text":"20"}],"buyUnitCount":1,"deliveryCode":"M","rank":20,"lcode":"100000036","mcode":"200000642","scode":"300008265"},{"itemNo":"2519393763","itemName":"피코크 정통방식으로 만든 훈제 오리 450g","itemUrl":"https://item.gmarket.co.kr/Item?goodscode=2519393763","imageUrl":"//gdimg.gmarket.co.kr/2519393763/still/400?ver=1725100531","sdBrandName":"피코크","itemPrice":10980,"buyCount":19156,"reviewPoint":{"starPoint":4.74,"reviewCount":7047},"isBigSmileItem":false,"isSoldOut":false,"couponDiscount":{"discountType":"R","discountPrice":"0","discountRate":"15"},"cardDiscount":{"discountRate":0},"sellerInfo":{"sellCustNo":"155104283","sellLoginId":"emartmall2","nickname":"이마트몰쓱배송","isLmoOfficialSeller":false,"isFashionSquareSeller":false,"isBrandOfficialSeller":false},"hasOption":false,"isAdult":false,"isCartVisible":true,"discountRate":0,"sellPrice":10980,"tagLabels":[{"code":0,"text":"21"}],"buyUnitCount":1,"deliveryCode":"M","rank":21,"lcode":"100000036","mcode":"200002371","scode":"300028725"},{"itemNo":"3016739039","itemName":"CJ 비비고 소고기듬뿍 설렁탕 460g","itemUrl":"https://item.gmarket.co.kr/Item?goodscode=3016739039","imageUrl":"//gdimg.gmarket.co.kr/3016739039/still/400?ver=1725134962","sdBrandName":"비비고","itemPrice":6980,"buyCount":14020,"reviewPoint":{"starPoint":4.75,"reviewCount":2549},"isBigSmileItem":false,"isSoldOut":false,"couponDiscount":{"discountType":"R","discountPrice":"0","discountRate":"15"},"cardDiscount":{"discountRate":0},"sellerInfo":{"sellCustNo":"155104283","sellLoginId":"emartmall2","nickname":"이마트몰쓱배송","isLmoOfficialSeller":false,"isFashionSquareSeller":false,"isBrandOfficialSeller":false},"hasOption":false,"isAdult":false,"isCartVisible":true,"discountRate":0,"sellPrice":6980,"tagLabels":[{"code":0,"text":"22"}],"buyUnitCount":1,"deliveryCode":"M","rank":22,"lcode":"100000036","mcode":"200000642","scode":"300028692"},{"itemNo":"2523375631","itemName":"피코크 쟌슨빌 소시지 부대 찌개 1000g","itemUrl":"https://item.gmarket.co.kr/Item?goodscode=2523375631","imageUrl":"//gdimg.gmarket.co.kr/2523375631/still/400?ver=1725099860","sdBrandName":"피코크","itemPrice":10980,"buyCount":11276,"reviewPoint":{"starPoint":4.75,"reviewCount":4402},"isBigSmileItem":false,"isSoldOut":false,"couponDiscount":{"discountType":"R","discountPrice":"0","discountRate":"15"},"cardDiscount":{"discountRate":0},"sellerInfo":{"sellCustNo":"155104283","sellLoginId":"emartmall2","nickname":"이마트몰쓱배송","isLmoOfficialSeller":false,"isFashionSquareSeller":false,"isBrandOfficialSeller":false},"hasOption":false,"isAdult":false,"isCartVisible":true,"discountRate":0,"sellPrice":10980,"tagLabels":[{"code":0,"text":"23"}],"buyUnitCount":1,"deliveryCode":"M","rank":23,"lcode":"100000036","mcode":"200000642","scode":"300028688"},{"itemNo":"2519092060","itemName":"동원 통그릴비엔나 300g2","itemUrl":"https://item.gmarket.co.kr/Item?goodscode=2519092060","imageUrl":"//gdimg.gmarket.co.kr/2519092060/still/400?ver=1725099482","sdBrandName":"동원","itemPrice":7780,"buyCount":7226,"reviewPoint":{"starPoint":4.78,"reviewCount":2875},"isBigSmileItem":false,"isSoldOut":false,"couponDiscount":{"discountType":"R","discountPrice":"0","discountRate":"15"},"cardDiscount":{"discountRate":0},"sellerInfo":{"sellCustNo":"155104283","sellLoginId":"emartmall2","nickname":"이마트몰쓱배송","isLmoOfficialSeller":false,"isFashionSquareSeller":false,"isBrandOfficialSeller":false},"hasOption":false,"isAdult":false,"isCartVisible":true,"discountRate":0,"sellPrice":7780,"tagLabels":[{"code":0,"text":"24"}],"buyUnitCount":1,"deliveryCode":"M","unitPrice":{"unit":10,"unitName":"g","price":108},"rank":24,"lcode":"100000036","mcode":"200002371","scode":"300024639"},{"itemNo":"2518961784","itemName":"노브랜드 통안심치킨텐더 550g","itemUrl":"https://item.gmarket.co.kr/Item?goodscode=2518961784","imageUrl":"//gdimg.gmarket.co.kr/2518961784/still/400?ver=1725113596","sdBrandName":"노브랜드","itemPrice":6980,"buyCount":21762,"reviewPoint":{"starPoint":4.8,"reviewCount":6127},"isBigSmileItem":false,"isSoldOut":false,"cardDiscount":{"discountRate":0},"sellerInfo":{"sellCustNo":"155104283","sellLoginId":"emartmall2","nickname":"이마트몰쓱배송","isLmoOfficialSeller":false,"isFashionSquareSeller":false,"isBrandOfficialSeller":false},"hasOption":false,"isAdult":false,"isCartVisible":true,"discountRate":0,"sellPrice":6980,"tagLabels":[{"code":0,"text":"25"}],"buyUnitCount":1,"deliveryCode":"M","rank":25,"lcode":"100000036","mcode":"200002371","scode":"300028714"},{"itemNo":"2518599342","itemName":"CJ 더(The)건강한 샌드위치햄 90g","itemUrl":"https://item.gmarket.co.kr/Item?goodscode=2518599342","imageUrl":"//gdimg.gmarket.co.kr/2518599342/still/400?ver=1725090825","sdBrandName":"CJ제일제당","itemPrice":1980,"buyCount":14867,"reviewPoint":{"starPoint":4.76,"reviewCount":3669},"isBigSmileItem":false,"isSoldOut":false,"couponDiscount":{"discountType":"R","discountPrice":"0","discountRate":"15"},"cardDiscount":{"discountRate":0},"sellerInfo":{"sellCustNo":"155104283","sellLoginId":"emartmall2","nickname":"이마트몰쓱배송","isLmoOfficialSeller":false,"isFashionSquareSeller":false,"isBrandOfficialSeller":false},"hasOption":false,"isAdult":false,"isCartVisible":true,"discountRate":0,"sellPrice":1980,"tagLabels":[{"code":0,"text":"26"}],"buyUnitCount":1,"deliveryCode":"M","unitPrice":{"unit":10,"unitName":"g","price":220},"rank":26,"lcode":"100000036","mcode":"200002371","scode":"300024639"},{"itemNo":"2522675640","itemName":"노브랜드 미니등심돈까스 560 g","itemUrl":"https://item.gmarket.co.kr/Item?goodscode=2522675640","imageUrl":"//gdimg.gmarket.co.kr/2522675640/still/400?ver=1725103823","sdBrandName":"노브랜드","itemPrice":6480,"buyCount":16497,"reviewPoint":{"starPoint":4.76,"reviewCount":5596},"isBigSmileItem":false,"isSoldOut":false,"cardDiscount":{"discountRate":0},"sellerInfo":{"sellCustNo":"155104283","sellLoginId":"emartmall2","nickname":"이마트몰쓱배송","isLmoOfficialSeller":false,"isFashionSquareSeller":false,"isBrandOfficialSeller":false},"hasOption":false,"isAdult":false,"isCartVisible":true,"discountRate":0,"sellPrice":6480,"tagLabels":[{"code":0,"text":"27"}],"buyUnitCount":1,"deliveryCode":"M","rank":27,"lcode":"100000036","mcode":"200002371","scode":"300028717"},{"itemNo":"2523277990","itemName":"노브랜드얇은피김치만두800g","itemUrl":"https://item.gmarket.co.kr/Item?goodscode=2523277990","imageUrl":"//gdimg.gmarket.co.kr/2523277990/still/400?ver=1725125071","sdBrandName":"노브랜드","itemPrice":6280,"buyCount":12159,"reviewPoint":{"starPoint":4.77,"reviewCount":4730},"isBigSmileItem":false,"isSoldOut":false,"cardDiscount":{"discountRate":0},"sellerInfo":{"sellCustNo":"155104283","sellLoginId":"emartmall2","nickname":"이마트몰쓱배송","isLmoOfficialSeller":false,"isFashionSquareSeller":false,"isBrandOfficialSeller":false},"hasOption":false,"isAdult":false,"isCartVisible":true,"discountRate":0,"sellPrice":6280,"tagLabels":[{"code":0,"text":"28"}],"buyUnitCount":1,"deliveryCode":"M","rank":28,"lcode":"100000036","mcode":"200000642","scode":"300008265"},{"itemNo":"2519057727","itemName":"노브랜드 군만두 1000g","itemUrl":"https://item.gmarket.co.kr/Item?goodscode=2519057727","imageUrl":"//gdimg.gmarket.co.kr/2519057727/still/400?ver=1725114461","sdBrandName":"노브랜드","itemPrice":4880,"buyCount":34042,"reviewPoint":{"starPoint":4.73,"reviewCount":11357},"isBigSmileItem":false,"isSoldOut":false,"cardDiscount":{"discountRate":0},"sellerInfo":{"sellCustNo":"155104283","sellLoginId":"emartmall2","nickname":"이마트몰쓱배송","isLmoOfficialSeller":false,"isFashionSquareSeller":false,"isBrandOfficialSeller":false},"hasOption":false,"isAdult":false,"isCartVisible":true,"discountRate":0,"sellPrice":4880,"tagLabels":[{"code":0,"text":"29"}],"buyUnitCount":1,"deliveryCode":"M","rank":29,"lcode":"100000036","mcode":"200000642","scode":"300008265"},{"itemNo":"2522501178","itemName":"노브랜드한입쏙쏙비엔나 550g","itemUrl":"https://item.gmarket.co.kr/Item?goodscode=2522501178","imageUrl":"//gdimg.gmarket.co.kr/2522501178/still/400?ver=1725101707","sdBrandName":"노브랜드","itemPrice":6980,"buyCount":22485,"reviewPoint":{"starPoint":4.79,"reviewCount":5491},"isBigSmileItem":false,"isSoldOut":false,"cardDiscount":{"discountRate":0},"sellerInfo":{"sellCustNo":"155104283","sellLoginId":"emartmall2","nickname":"이마트몰쓱배송","isLmoOfficialSeller":false,"isFashionSquareSeller":false,"isBrandOfficialSeller":false},"hasOption":false,"isAdult":false,"isCartVisible":true,"discountRate":0,"sellPrice":6980,"tagLabels":[{"code":0,"text":"30"}],"buyUnitCount":1,"deliveryCode":"M","unitPrice":{"unit":10,"unitName":"g","price":127},"rank":30,"lcode":"100000036","mcode":"200002371","scode":"300024639"},{"itemNo":"2718125240","itemName":"피코크 맛있는 순대 1kg","itemUrl":"https://item.gmarket.co.kr/Item?goodscode=2718125240","imageUrl":"//gdimg.gmarket.co.kr/2718125240/still/400?ver=1725099600","sdBrandName":"피코크","itemPrice":7980,"buyCount":7943,"reviewPoint":{"starPoint":4.72,"reviewCount":4135},"isBigSmileItem":false,"isSoldOut":false,"couponDiscount":{"discountType":"R","discountPrice":"0","discountRate":"15"},"cardDiscount":{"discountRate":0},"sellerInfo":{"sellCustNo":"155104283","sellLoginId":"emartmall2","nickname":"이마트몰쓱배송","isLmoOfficialSeller":false,"isFashionSquareSeller":false,"isBrandOfficialSeller":false},"hasOption":false,"isAdult":false,"isCartVisible":true,"discountRate":0,"sellPrice":7980,"tagLabels":[{"code":0,"text":"31"}],"buyUnitCount":1,"deliveryCode":"M","rank":31,"lcode":"100000036","mcode":"200002371","scode":"300028723"},{"itemNo":"2523140201","itemName":"노브랜드 떡볶이 402.5g","itemUrl":"https://item.gmarket.co.kr/Item?goodscode=2523140201","imageUrl":"//gdimg.gmarket.co.kr/2523140201/still/400?ver=1725100197","sdBrandName":"노브랜드","itemPrice":2980,"buyCount":21986,"reviewPoint":{"starPoint":4.75,"reviewCount":6524},"isBigSmileItem":false,"isSoldOut":false,"cardDiscount":{"discountRate":0},"sellerInfo":{"sellCustNo":"155104283","sellLoginId":"emartmall2","nickname":"이마트몰쓱배송","isLmoOfficialSeller":false,"isFashionSquareSeller":false,"isBrandOfficialSeller":false},"hasOption":false,"isAdult":false,"isCartVisible":true,"discountRate":0,"sellPrice":2980,"tagLabels":[{"code":0,"text":"32"}],"buyUnitCount":1,"deliveryCode":"M","rank":32,"lcode":"100000036","mcode":"200000642","scode":"300019300"},{"itemNo":"3227057939","itemName":"피코크 새우볶음밥 1050g(5입)","itemUrl":"https://item.gmarket.co.kr/Item?goodscode=3227057939","imageUrl":"//gdimg.gmarket.co.kr/3227057939/still/400?ver=1725132087","sdBrandName":"피코크","itemPrice":10980,"buyCount":5081,"reviewPoint":{"starPoint":4.74,"reviewCount":2249},"isBigSmileItem":false,"isSoldOut":false,"couponDiscount":{"discountType":"R","discountPrice":"0","discountRate":"15"},"cardDiscount":{"discountRate":0},"sellerInfo":{"sellCustNo":"155104283","sellLoginId":"emartmall2","nickname":"이마트몰쓱배송","isLmoOfficialSeller":false,"isFashionSquareSeller":false,"isBrandOfficialSeller":false},"hasOption":false,"isAdult":false,"isCartVisible":true,"discountRate":0,"sellPrice":10980,"tagLabels":[{"code":0,"text":"33"}],"buyUnitCount":1,"deliveryCode":"M","rank":33,"lcode":"100000036","mcode":"200001211","scode":"300012431"},{"itemNo":"2522506191","itemName":"노브랜드 떡볶이떡 800g","itemUrl":"https://item.gmarket.co.kr/Item?goodscode=2522506191","imageUrl":"//gdimg.gmarket.co.kr/2522506191/still/400?ver=1725101523","sdBrandName":"노브랜드","itemPrice":1980,"buyCount":14077,"reviewPoint":{"starPoint":4.71,"reviewCount":5741},"isBigSmileItem":false,"isSoldOut":false,"cardDiscount":{"discountRate":0},"sellerInfo":{"sellCustNo":"155104283","sellLoginId":"emartmall2","nickname":"이마트몰쓱배송","isLmoOfficialSeller":false,"isFashionSquareSeller":false,"isBrandOfficialSeller":false},"hasOption":false,"isAdult":false,"isCartVisible":true,"discountRate":0,"sellPrice":1980,"tagLabels":[{"code":0,"text":"34"}],"buyUnitCount":1,"deliveryCode":"M","rank":34,"lcode":"100000036","mcode":"200000642","scode":"300028688"},{"itemNo":"2522436853","itemName":"CJ 비비고 차돌 된장찌개 460g","itemUrl":"https://item.gmarket.co.kr/Item?goodscode=2522436853","imageUrl":"//gdimg.gmarket.co.kr/2522436853/still/400?ver=1725102053","sdBrandName":"비비고","itemPrice":6980,"buyCount":5899,"reviewPoint":{"starPoint":4.74,"reviewCount":641},"isBigSmileItem":false,"isSoldOut":false,"couponDiscount":{"discountType":"R","discountPrice":"0","discountRate":"15"},"cardDiscount":{"discountRate":0},"sellerInfo":{"sellCustNo":"155104283","sellLoginId":"emartmall2","nickname":"이마트몰쓱배송","isLmoOfficialSeller":false,"isFashionSquareSeller":false,"isBrandOfficialSeller":false},"hasOption":false,"isAdult":false,"isCartVisible":true,"discountRate":0,"sellPrice":6980,"tagLabels":[{"code":0,"text":"35"}],"buyUnitCount":1,"deliveryCode":"M","rank":35,"lcode":"100000036","mcode":"200000642","scode":"300028692"},{"itemNo":"2519360953","itemName":"CJ삼호부산바른사각 720g","itemUrl":"https://item.gmarket.co.kr/Item?goodscode=2519360953","imageUrl":"//gdimg.gmarket.co.kr/2519360953/still/400?ver=1725100579","sdBrandName":"CJ제일제당","itemPrice":4380,"buyCount":8798,"reviewPoint":{"starPoint":4.74,"reviewCount":4635},"isBigSmileItem":false,"isSoldOut":false,"couponDiscount":{"discountType":"R","discountPrice":"0","discountRate":"15"},"cardDiscount":{"discountRate":0},"sellerInfo":{"sellCustNo":"155104283","sellLoginId":"emartmall2","nickname":"이마트몰쓱배송","isLmoOfficialSeller":false,"isFashionSquareSeller":false,"isBrandOfficialSeller":false},"hasOption":false,"isAdult":false,"isCartVisible":true,"discountRate":0,"sellPrice":4380,"tagLabels":[{"code":0,"text":"36"}],"buyUnitCount":1,"deliveryCode":"M","unitPrice":{"unit":10,"unitName":"g","price":61},"rank":36,"lcode":"100000036","mcode":"200002930","scode":"300028705"},{"itemNo":"2518442443","itemName":"목우촌 주부9단 순살햄 1kg","itemUrl":"https://item.gmarket.co.kr/Item?goodscode=2518442443","imageUrl":"//gdimg.gmarket.co.kr/2518442443/still/400?ver=1725092605","sdBrandName":"목우촌","itemPrice":10480,"buyCount":5063,"reviewPoint":{"starPoint":4.83,"reviewCount":1896},"isBigSmileItem":false,"isSoldOut":false,"cardDiscount":{"discountRate":0},"sellerInfo":{"sellCustNo":"155104283","sellLoginId":"emartmall2","nickname":"이마트몰쓱배송","isLmoOfficialSeller":false,"isFashionSquareSeller":false,"isBrandOfficialSeller":false},"hasOption":false,"isAdult":false,"isCartVisible":true,"discountRate":0,"sellPrice":10480,"tagLabels":[{"code":0,"text":"37"}],"buyUnitCount":1,"deliveryCode":"M","unitPrice":{"unit":10,"unitName":"g","price":105},"rank":37,"lcode":"100000036","mcode":"200002371","scode":"300024639"},{"itemNo":"2518810402","itemName":"하림 통가슴살 치킨너겟500g","itemUrl":"https://item.gmarket.co.kr/Item?goodscode=2518810402","imageUrl":"//gdimg.gmarket.co.kr/2518810402/still/400?ver=1725092002","sdBrandName":"하림","itemPrice":11980,"buyCount":1867,"reviewPoint":{"starPoint":4.74,"reviewCount":389},"isBigSmileItem":false,"isSoldOut":false,"couponDiscount":{"discountType":"R","discountPrice":"0","discountRate":"15"},"cardDiscount":{"discountRate":0},"sellerInfo":{"sellCustNo":"155104283","sellLoginId":"emartmall2","nickname":"이마트몰쓱배송","isLmoOfficialSeller":false,"isFashionSquareSeller":false,"isBrandOfficialSeller":false},"hasOption":false,"isAdult":false,"isCartVisible":true,"discountRate":0,"sellPrice":11980,"tagLabels":[{"code":0,"text":"38"}],"buyUnitCount":1,"deliveryCode":"M","rank":38,"lcode":"100000036","mcode":"200002371","scode":"300028714"},{"itemNo":"2518914782","itemName":"노브랜드 육즙가득샤오롱빠오180g","itemUrl":"https://item.gmarket.co.kr/Item?goodscode=2518914782","imageUrl":"//gdimg.gmarket.co.kr/2518914782/still/400?ver=1725112823","sdBrandName":"노브랜드","itemPrice":1680,"buyCount":36200,"reviewPoint":{"starPoint":4.76,"reviewCount":5885},"isBigSmileItem":false,"isSoldOut":false,"cardDiscount":{"discountRate":0},"sellerInfo":{"sellCustNo":"155104283","sellLoginId":"emartmall2","nickname":"이마트몰쓱배송","isLmoOfficialSeller":false,"isFashionSquareSeller":false,"isBrandOfficialSeller":false},"hasOption":false,"isAdult":false,"isCartVisible":true,"discountRate":0,"sellPrice":1680,"tagLabels":[{"code":0,"text":"39"}],"buyUnitCount":1,"deliveryCode":"M","rank":39,"lcode":"100000036","mcode":"200000642","scode":"300008265"},{"itemNo":"2518560039","itemName":"노브랜드 우엉절임과 김밥단무지 220g","itemUrl":"https://item.gmarket.co.kr/Item?goodscode=2518560039","imageUrl":"//gdimg.gmarket.co.kr/2518560039/still/400?ver=1725107969","itemPrice":2400,"buyCount":20708,"reviewPoint":{"starPoint":4.75,"reviewCount":8305},"isBigSmileItem":false,"isSoldOut":false,"cardDiscount":{"discountRate":0},"sellerInfo":{"sellCustNo":"155104283","sellLoginId":"emartmall2","nickname":"이마트몰쓱배송","isLmoOfficialSeller":false,"isFashionSquareSeller":false,"isBrandOfficialSeller":false},"hasOption":false,"isAdult":false,"isCartVisible":true,"discountRate":0,"sellPrice":2400,"tagLabels":[{"code":0,"text":"40"}],"buyUnitCount":1,"deliveryCode":"M","rank":40,"lcode":"100000020","mcode":"200001222","scode":"300020128"},{"itemNo":"2522296492","itemName":"노브랜드 칠리 새우 400g","itemUrl":"https://item.gmarket.co.kr/Item?goodscode=2522296492","imageUrl":"//gdimg.gmarket.co.kr/2522296492/still/400?ver=1725101108","sdBrandName":"노브랜드","itemPrice":6980,"buyCount":14320,"reviewPoint":{"starPoint":4.78,"reviewCount":3729},"isBigSmileItem":false,"isSoldOut":false,"cardDiscount":{"discountRate":0},"sellerInfo":{"sellCustNo":"155104283","sellLoginId":"emartmall2","nickname":"이마트몰쓱배송","isLmoOfficialSeller":false,"isFashionSquareSeller":false,"isBrandOfficialSeller":false},"hasOption":false,"isAdult":false,"isCartVisible":true,"discountRate":0,"sellPrice":6980,"tagLabels":[{"code":0,"text":"41"}],"buyUnitCount":1,"deliveryCode":"M","rank":41,"lcode":"100000036","mcode":"200000642","scode":"300028688"},{"itemNo":"2519029531","itemName":"해태 고향만두 300g3","itemUrl":"https://item.gmarket.co.kr/Item?goodscode=2519029531","imageUrl":"//gdimg.gmarket.co.kr/2519029531/still/400?ver=1725121480","itemPrice":7480,"buyCount":3880,"reviewPoint":{"starPoint":4.77,"reviewCount":1305},"isBigSmileItem":false,"isSoldOut":false,"couponDiscount":{"discountType":"R","discountPrice":"0","discountRate":"15"},"cardDiscount":{"discountRate":0},"sellerInfo":{"sellCustNo":"155104283","sellLoginId":"emartmall2","nickname":"이마트몰쓱배송","isLmoOfficialSeller":false,"isFashionSquareSeller":false,"isBrandOfficialSeller":false},"hasOption":false,"isAdult":false,"isCartVisible":true,"discountRate":0,"sellPrice":7480,"tagLabels":[{"code":0,"text":"42"}],"buyUnitCount":1,"deliveryCode":"M","rank":42,"lcode":"100000036","mcode":"200000642","scode":"300008265"},{"itemNo":"2522339836","itemName":"노브랜드 갈비만두720g","itemUrl":"https://item.gmarket.co.kr/Item?goodscode=2522339836","imageUrl":"//gdimg.gmarket.co.kr/2522339836/still/400?ver=1725101467","sdBrandName":"노브랜드","itemPrice":6480,"buyCount":15349,"reviewPoint":{"starPoint":4.76,"reviewCount":3962},"isBigSmileItem":false,"isSoldOut":false,"cardDiscount":{"discountRate":0},"sellerInfo":{"sellCustNo":"155104283","sellLoginId":"emartmall2","nickname":"이마트몰쓱배송","isLmoOfficialSeller":false,"isFashionSquareSeller":false,"isBrandOfficialSeller":false},"hasOption":false,"isAdult":false,"isCartVisible":true,"discountRate":0,"sellPrice":6480,"tagLabels":[{"code":0,"text":"43"}],"buyUnitCount":1,"deliveryCode":"M","rank":43,"lcode":"100000036","mcode":"200000642","scode":"300008265"},{"itemNo":"2518847715","itemName":"CJ 햇반소프트밀 전복내장죽 420g","itemUrl":"https://item.gmarket.co.kr/Item?goodscode=2518847715","imageUrl":"//gdimg.gmarket.co.kr/2518847715/still/400?ver=1725115319","sdBrandName":"햇반","itemPrice":5980,"buyCount":15296,"reviewPoint":{"starPoint":4.76,"reviewCount":2534},"isBigSmileItem":false,"isSoldOut":false,"couponDiscount":{"discountType":"R","discountPrice":"0","discountRate":"15"},"cardDiscount":{"discountRate":0},"sellerInfo":{"sellCustNo":"155104283","sellLoginId":"emartmall2","nickname":"이마트몰쓱배송","isLmoOfficialSeller":false,"isFashionSquareSeller":false,"isBrandOfficialSeller":false},"hasOption":false,"isAdult":false,"isCartVisible":true,"discountRate":0,"sellPrice":5980,"tagLabels":[{"code":0,"text":"44"}],"buyUnitCount":1,"deliveryCode":"M","rank":44,"lcode":"100000036","mcode":"200001211","scode":"300024651"},{"itemNo":"2518478547","itemName":"CJ 계란을 입혀 부쳐 먹으면 정말 맛있는 소시지 160g","itemUrl":"https://item.gmarket.co.kr/Item?goodscode=2518478547","imageUrl":"//gdimg.gmarket.co.kr/2518478547/still/400?ver=1725088535","sdBrandName":"진주햄","itemPrice":1480,"buyCount":18513,"reviewPoint":{"starPoint":4.77,"reviewCount":4623},"isBigSmileItem":false,"isSoldOut":false,"couponDiscount":{"discountType":"R","discountPrice":"0","discountRate":"15"},"cardDiscount":{"discountRate":0},"sellerInfo":{"sellCustNo":"155104283","sellLoginId":"emartmall2","nickname":"이마트몰쓱배송","isLmoOfficialSeller":false,"isFashionSquareSeller":false,"isBrandOfficialSeller":false},"hasOption":false,"isAdult":false,"isCartVisible":true,"discountRate":0,"sellPrice":1480,"tagLabels":[{"code":0,"text":"45"}],"buyUnitCount":1,"deliveryCode":"M","unitPrice":{"unit":10,"unitName":"g","price":93},"rank":45,"lcode":"100000036","mcode":"200002371","scode":"300024639"},{"itemNo":"2522723316","itemName":"노브랜드 스파게티 1kg","itemUrl":"https://item.gmarket.co.kr/Item?goodscode=2522723316","imageUrl":"//gdimg.gmarket.co.kr/2522723316/still/400?ver=1725104575","sdBrandName":"노브랜드","itemPrice":2480,"buyCount":15663,"reviewPoint":{"starPoint":4.79,"reviewCount":4243},"isBigSmileItem":false,"isSoldOut":false,"cardDiscount":{"discountRate":0},"sellerInfo":{"sellCustNo":"155104283","sellLoginId":"emartmall2","nickname":"이마트몰쓱배송","isLmoOfficialSeller":false,"isFashionSquareSeller":false,"isBrandOfficialSeller":false},"hasOption":false,"isAdult":false,"isCartVisible":true,"discountRate":0,"sellPrice":2480,"tagLabels":[{"code":0,"text":"46"}],"buyUnitCount":1,"deliveryCode":"M","rank":46,"lcode":"100000036","mcode":"200002370","scode":"300012429"},{"itemNo":"4095317206","itemName":"CJ 더건강한 그릴비엔나 280g2+안심비엔나200g","itemUrl":"https://item.gmarket.co.kr/Item?goodscode=4095317206","imageUrl":"//gdimg.gmarket.co.kr/4095317206/still/400?ver=1725142699","itemPrice":8980,"buyCount":76,"reviewPoint":{"starPoint":4.69,"reviewCount":18},"isBigSmileItem":false,"isSoldOut":false,"couponDiscount":{"discountType":"R","discountPrice":"0","discountRate":"15"},"cardDiscount":{"discountRate":0},"sellerInfo":{"sellCustNo":"155104283","sellLoginId":"emartmall2","nickname":"이마트몰쓱배송","isLmoOfficialSeller":false,"isFashionSquareSeller":false,"isBrandOfficialSeller":false},"hasOption":false,"isAdult":false,"isCartVisible":true,"discountRate":0,"sellPrice":8980,"tagLabels":[{"code":0,"text":"47"}],"buyUnitCount":1,"deliveryCode":"M","rank":47,"lcode":"100000036","mcode":"200002371","scode":"300024639"},{"itemNo":"2519039230","itemName":"CJ 스팸 클래식 200g6입","itemUrl":"https://item.gmarket.co.kr/Item?goodscode=2519039230","imageUrl":"//gdimg.gmarket.co.kr/2519039230/still/400?ver=1725099630","sdBrandName":"스팸","itemPrice":21480,"buyCount":4340,"reviewPoint":{"starPoint":4.79,"reviewCount":984},"isBigSmileItem":false,"isSoldOut":false,"couponDiscount":{"discountType":"R","discountPrice":"0","discountRate":"15"},"cardDiscount":{"discountRate":0},"sellerInfo":{"sellCustNo":"155104283","sellLoginId":"emartmall2","nickname":"이마트몰쓱배송","isLmoOfficialSeller":false,"isFashionSquareSeller":false,"isBrandOfficialSeller":false},"hasOption":false,"isAdult":false,"isCartVisible":true,"discountRate":0,"sellPrice":21480,"tagLabels":[{"code":0,"text":"48"}],"buyUnitCount":1,"deliveryCode":"M","unitPrice":{"unit":10,"unitName":"g","price":179},"rank":48,"lcode":"100000036","mcode":"200001212","scode":"300012437"},{"itemNo":"3016739042","itemName":"CJ 비비고 소고기듬뿍 미역국 460G","itemUrl":"https://item.gmarket.co.kr/Item?goodscode=3016739042","imageUrl":"//gdimg.gmarket.co.kr/3016739042/still/400?ver=1725134611","sdBrandName":"비비고","itemPrice":6980,"buyCount":5059,"reviewPoint":{"starPoint":4.75,"reviewCount":860},"isBigSmileItem":false,"isSoldOut":false,"couponDiscount":{"discountType":"R","discountPrice":"0","discountRate":"15"},"cardDiscount":{"discountRate":0},"sellerInfo":{"sellCustNo":"155104283","sellLoginId":"emartmall2","nickname":"이마트몰쓱배송","isLmoOfficialSeller":false,"isFashionSquareSeller":false,"isBrandOfficialSeller":false},"hasOption":false,"isAdult":false,"isCartVisible":true,"discountRate":0,"sellPrice":6980,"tagLabels":[{"code":0,"text":"49"}],"buyUnitCount":1,"deliveryCode":"M","rank":49,"lcode":"100000036","mcode":"200000642","scode":"300028692"},{"itemNo":"3977947649","itemName":"CJ 비비고 사골곰탕 500g10개","itemUrl":"https://item.gmarket.co.kr/Item?goodscode=3977947649","imageUrl":"//gdimg.gmarket.co.kr/3977947649/still/400?ver=1725142166","sdBrandName":"비비고","itemPrice":9980,"buyCount":324,"reviewPoint":{"starPoint":4.87,"reviewCount":116},"isBigSmileItem":false,"isSoldOut":false,"couponDiscount":{"discountType":"R","discountPrice":"0","discountRate":"15"},"cardDiscount":{"discountRate":0},"sellerInfo":{"sellCustNo":"155104283","sellLoginId":"emartmall2","nickname":"이마트몰쓱배송","isLmoOfficialSeller":false,"isFashionSquareSeller":false,"isBrandOfficialSeller":false},"hasOption":false,"isAdult":false,"isCartVisible":true,"discountRate":0,"sellPrice":9980,"tagLabels":[{"code":0,"text":"50"}],"buyUnitCount":1,"deliveryCode":"M","rank":50,"lcode":"100000036","mcode":"200000642","scode":"300028692"},{"itemNo":"2518582570","itemName":"목우촌 주부9단 김밥햄 170g2","itemUrl":"https://item.gmarket.co.kr/Item?goodscode=2518582570","imageUrl":"//gdimg.gmarket.co.kr/2518582570/still/400?ver=1725092163","sdBrandName":"목우촌","itemPrice":5980,"buyCount":8616,"reviewPoint":{"starPoint":4.8,"reviewCount":3110},"isBigSmileItem":false,"isSoldOut":false,"couponDiscount":{"discountType":"R","discountPrice":"0","discountRate":"15"},"cardDiscount":{"discountRate":0},"sellerInfo":{"sellCustNo":"155104283","sellLoginId":"emartmall2","nickname":"이마트몰쓱배송","isLmoOfficialSeller":false,"isFashionSquareSeller":false,"isBrandOfficialSeller":false},"hasOption":false,"isAdult":false,"isCartVisible":true,"discountRate":0,"sellPrice":5980,"tagLabels":[{"code":0,"text":"51"}],"buyUnitCount":1,"deliveryCode":"M","unitPrice":{"unit":10,"unitName":"g","price":176},"rank":51,"lcode":"100000036","mcode":"200002371","scode":"300024639"},{"itemNo":"2518662005","itemName":"풀무원 쌀 물만두 1kg","itemUrl":"https://item.gmarket.co.kr/Item?goodscode=2518662005","imageUrl":"//gdimg.gmarket.co.kr/2518662005/still/400?ver=1725090757","sdBrandName":"풀무원","itemPrice":10480,"buyCount":6249,"reviewPoint":{"starPoint":4.77,"reviewCount":2321},"isBigSmileItem":false,"isSoldOut":false,"couponDiscount":{"discountType":"R","discountPrice":"0","discountRate":"15"},"cardDiscount":{"discountRate":0},"sellerInfo":{"sellCustNo":"155104283","sellLoginId":"emartmall2","nickname":"이마트몰쓱배송","isLmoOfficialSeller":false,"isFashionSquareSeller":false,"isBrandOfficialSeller":false},"hasOption":false,"isAdult":false,"isCartVisible":true,"discountRate":0,"sellPrice":10480,"tagLabels":[{"code":0,"text":"52"}],"buyUnitCount":1,"deliveryCode":"M","rank":52,"lcode":"100000036","mcode":"200000642","scode":"300008265"},{"itemNo":"2519440115","itemName":"노브랜드 치즈딥 치즈 크러스트피자485g","itemUrl":"https://item.gmarket.co.kr/Item?goodscode=2519440115","imageUrl":"//gdimg.gmarket.co.kr/2519440115/still/400?ver=1725122552","sdBrandName":"노브랜드","itemPrice":5980,"buyCount":5639,"reviewPoint":{"starPoint":4.76,"reviewCount":2143},"isBigSmileItem":false,"isSoldOut":false,"cardDiscount":{"discountRate":0},"sellerInfo":{"sellCustNo":"155104283","sellLoginId":"emartmall2","nickname":"이마트몰쓱배송","isLmoOfficialSeller":false,"isFashionSquareSeller":false,"isBrandOfficialSeller":false},"hasOption":false,"isAdult":false,"isCartVisible":true,"discountRate":0,"sellPrice":5980,"tagLabels":[{"code":0,"text":"53"}],"buyUnitCount":1,"deliveryCode":"M","rank":53,"lcode":"100000036","mcode":"200000642","scode":"300024642"},{"itemNo":"2518405825","itemName":"한입 떡국떡 1.5kg","itemUrl":"https://item.gmarket.co.kr/Item?goodscode=2518405825","imageUrl":"//gdimg.gmarket.co.kr/2518405825/still/400?ver=1725092678","sdBrandName":"풀무원","itemPrice":6780,"buyCount":1924,"reviewPoint":{"starPoint":4.74,"reviewCount":752},"isBigSmileItem":false,"isSoldOut":false,"couponDiscount":{"discountType":"R","discountPrice":"0","discountRate":"15"},"cardDiscount":{"discountRate":0},"sellerInfo":{"sellCustNo":"155104283","sellLoginId":"emartmall2","nickname":"이마트몰쓱배송","isLmoOfficialSeller":false,"isFashionSquareSeller":false,"isBrandOfficialSeller":false},"hasOption":false,"isAdult":false,"isCartVisible":true,"discountRate":0,"sellPrice":6780,"tagLabels":[{"code":0,"text":"54"}],"buyUnitCount":1,"deliveryCode":"M","rank":54,"lcode":"100000036","mcode":"200000642","scode":"300028688"},{"itemNo":"2519599246","itemName":"청정원 호밍스 남도추어탕 450g","itemUrl":"https://item.gmarket.co.kr/Item?goodscode=2519599246","imageUrl":"//gdimg.gmarket.co.kr/2519599246/still/400?ver=1725100475","sdBrandName":"청정원","itemPrice":6980,"buyCount":3350,"reviewPoint":{"starPoint":4.78,"reviewCount":625},"isBigSmileItem":false,"isSoldOut":false,"couponDiscount":{"discountType":"R","discountPrice":"0","discountRate":"15"},"cardDiscount":{"discountRate":0},"sellerInfo":{"sellCustNo":"155104283","sellLoginId":"emartmall2","nickname":"이마트몰쓱배송","isLmoOfficialSeller":false,"isFashionSquareSeller":false,"isBrandOfficialSeller":false},"hasOption":false,"isAdult":false,"isCartVisible":true,"discountRate":0,"sellPrice":6980,"tagLabels":[{"code":0,"text":"55"}],"buyUnitCount":1,"deliveryCode":"M","rank":55,"lcode":"100000036","mcode":"200000642","scode":"300028692"},{"itemNo":"2518470448","itemName":"대림오양맛살E 김밥도시락용 500g","itemUrl":"https://item.gmarket.co.kr/Item?goodscode=2518470448","imageUrl":"//gdimg.gmarket.co.kr/2518470448/still/400?ver=1725092610","sdBrandName":"오양","itemPrice":3780,"buyCount":4566,"reviewPoint":{"starPoint":4.76,"reviewCount":2115},"isBigSmileItem":false,"isSoldOut":false,"couponDiscount":{"discountType":"R","discountPrice":"0","discountRate":"15"},"cardDiscount":{"discountRate":0},"sellerInfo":{"sellCustNo":"155104283","sellLoginId":"emartmall2","nickname":"이마트몰쓱배송","isLmoOfficialSeller":false,"isFashionSquareSeller":false,"isBrandOfficialSeller":false},"hasOption":false,"isAdult":false,"isCartVisible":true,"discountRate":0,"sellPrice":3780,"tagLabels":[{"code":0,"text":"56"}],"buyUnitCount":1,"deliveryCode":"M","unitPrice":{"unit":10,"unitName":"g","price":76},"rank":56,"lcode":"100000036","mcode":"200002930","scode":"300028705"},{"itemNo":"2519018114","itemName":"노브랜드 리얼런천미트 340g","itemUrl":"https://item.gmarket.co.kr/Item?goodscode=2519018114","imageUrl":"//gdimg.gmarket.co.kr/2519018114/still/400?ver=1725120575","sdBrandName":"노브랜드","itemPrice":2880,"buyCount":11560,"reviewPoint":{"starPoint":4.75,"reviewCount":1962},"isBigSmileItem":false,"isSoldOut":false,"cardDiscount":{"discountRate":0},"sellerInfo":{"sellCustNo":"155104283","sellLoginId":"emartmall2","nickname":"이마트몰쓱배송","isLmoOfficialSeller":false,"isFashionSquareSeller":false,"isBrandOfficialSeller":false},"hasOption":false,"isAdult":false,"isCartVisible":true,"discountRate":0,"sellPrice":2880,"tagLabels":[{"code":0,"text":"57"}],"buyUnitCount":2,"deliveryCode":"M","unitPrice":{"unit":10,"unitName":"g","price":85},"rank":57,"lcode":"100000036","mcode":"200001212","scode":"300012437"},{"itemNo":"2522874923","itemName":"노브랜드통새우볶음밥1kg","itemUrl":"https://item.gmarket.co.kr/Item?goodscode=2522874923","imageUrl":"//gdimg.gmarket.co.kr/2522874923/still/400?ver=1725525141","sdBrandName":"노브랜드","itemPrice":8580,"buyCount":4125,"reviewPoint":{"starPoint":4.78,"reviewCount":1586},"isBigSmileItem":false,"isSoldOut":false,"cardDiscount":{"discountRate":0},"sellerInfo":{"sellCustNo":"155104283","sellLoginId":"emartmall2","nickname":"이마트몰쓱배송","isLmoOfficialSeller":false,"isFashionSquareSeller":false,"isBrandOfficialSeller":false},"hasOption":false,"isAdult":false,"isCartVisible":true,"discountRate":0,"sellPrice":8580,"tagLabels":[{"code":0,"text":"58"}],"buyUnitCount":1,"deliveryCode":"M","rank":58,"lcode":"100000036","mcode":"200000642","scode":"300028692"},{"itemNo":"2714969108","itemName":"다향 훈제오리 (540g)","itemUrl":"https://item.gmarket.co.kr/Item?goodscode=2714969108","imageUrl":"//gdimg.gmarket.co.kr/2714969108/still/400?ver=1725127050","sdBrandName":"다향오리","itemPrice":13980,"buyCount":12297,"reviewPoint":{"starPoint":4.71,"reviewCount":4646},"isBigSmileItem":false,"isSoldOut":false,"couponDiscount":{"discountType":"R","discountPrice":"0","discountRate":"15"},"cardDiscount":{"discountRate":0},"sellerInfo":{"sellCustNo":"155104283","sellLoginId":"emartmall2","nickname":"이마트몰쓱배송","isLmoOfficialSeller":false,"isFashionSquareSeller":false,"isBrandOfficialSeller":false},"hasOption":false,"isAdult":false,"isCartVisible":true,"discountRate":0,"sellPrice":13980,"tagLabels":[{"code":0,"text":"59"}],"buyUnitCount":1,"deliveryCode":"M","rank":59,"lcode":"100000036","mcode":"200002371","scode":"300028725"},{"itemNo":"2518984893","itemName":"비비고  왕교자350g3","itemUrl":"https://item.gmarket.co.kr/Item?goodscode=2518984893","imageUrl":"//gdimg.gmarket.co.kr/2518984893/still/400?ver=1725120773","sdBrandName":"비비고","itemPrice":9980,"buyCount":13464,"reviewPoint":{"starPoint":4.79,"reviewCount":4033},"isBigSmileItem":false,"isSoldOut":false,"couponDiscount":{"discountType":"R","discountPrice":"0","discountRate":"15"},"cardDiscount":{"discountRate":0},"sellerInfo":{"sellCustNo":"155104283","sellLoginId":"emartmall2","nickname":"이마트몰쓱배송","isLmoOfficialSeller":false,"isFashionSquareSeller":false,"isBrandOfficialSeller":false},"hasOption":false,"isAdult":false,"isCartVisible":true,"discountRate":0,"sellPrice":9980,"tagLabels":[{"code":0,"text":"60"}],"buyUnitCount":1,"deliveryCode":"M","rank":60,"lcode":"100000036","mcode":"200000642","scode":"300008265"},{"itemNo":"3982619043","itemName":"가격역주행 훈제오리 슬라이스 (800g)","itemUrl":"https://item.gmarket.co.kr/Item?goodscode=3982619043","imageUrl":"//gdimg.gmarket.co.kr/3982619043/still/400?ver=1725142522","itemPrice":14480,"buyCount":766,"reviewPoint":{"starPoint":4.69,"reviewCount":323},"isBigSmileItem":false,"isSoldOut":false,"couponDiscount":{"discountType":"R","discountPrice":"0","discountRate":"15"},"cardDiscount":{"discountRate":0},"sellerInfo":{"sellCustNo":"155104283","sellLoginId":"emartmall2","nickname":"이마트몰쓱배송","isLmoOfficialSeller":false,"isFashionSquareSeller":false,"isBrandOfficialSeller":false},"hasOption":false,"isAdult":false,"isCartVisible":true,"discountRate":0,"sellPrice":14480,"tagLabels":[{"code":0,"text":"61"}],"buyUnitCount":1,"deliveryCode":"M","rank":61,"lcode":"100000036","mcode":"200002371","scode":"300028725"},{"itemNo":"2522807845","itemName":"노브랜드 크리스피모짜렐라핫도그500g","itemUrl":"https://item.gmarket.co.kr/Item?goodscode=2522807845","imageUrl":"//gdimg.gmarket.co.kr/2522807845/still/400?ver=1725107790","sdBrandName":"노브랜드","itemPrice":6580,"buyCount":11301,"reviewPoint":{"starPoint":4.75,"reviewCount":4194},"isBigSmileItem":false,"isSoldOut":false,"cardDiscount":{"discountRate":0},"sellerInfo":{"sellCustNo":"155104283","sellLoginId":"emartmall2","nickname":"이마트몰쓱배송","isLmoOfficialSeller":false,"isFashionSquareSeller":false,"isBrandOfficialSeller":false},"hasOption":false,"isAdult":false,"isCartVisible":true,"discountRate":0,"sellPrice":6580,"tagLabels":[{"code":0,"text":"62"}],"buyUnitCount":1,"deliveryCode":"M","rank":62,"lcode":"100000036","mcode":"200000642","scode":"300016926"},{"itemNo":"2522704063","itemName":"알뜰소세지 500g","itemUrl":"https://item.gmarket.co.kr/Item?goodscode=2522704063","imageUrl":"//gdimg.gmarket.co.kr/2522704063/still/400?ver=1725104017","sdBrandName":"롯데햄","itemPrice":3480,"buyCount":2519,"reviewPoint":{"starPoint":4.78,"reviewCount":1023},"isBigSmileItem":false,"isSoldOut":false,"couponDiscount":{"discountType":"R","discountPrice":"0","discountRate":"15"},"cardDiscount":{"discountRate":0},"sellerInfo":{"sellCustNo":"155104283","sellLoginId":"emartmall2","nickname":"이마트몰쓱배송","isLmoOfficialSeller":false,"isFashionSquareSeller":false,"isBrandOfficialSeller":false},"hasOption":false,"isAdult":false,"isCartVisible":true,"discountRate":0,"sellPrice":3480,"tagLabels":[{"code":0,"text":"63"}],"buyUnitCount":1,"deliveryCode":"M","rank":63,"lcode":"100000036","mcode":"200002371","scode":"300024639"},{"itemNo":"2522803963","itemName":"누들떡볶이떡 500g","itemUrl":"https://item.gmarket.co.kr/Item?goodscode=2522803963","imageUrl":"//gdimg.gmarket.co.kr/2522803963/still/400?ver=1725106017","itemPrice":2980,"buyCount":4988,"reviewPoint":{"starPoint":4.74,"reviewCount":1856},"isBigSmileItem":false,"isSoldOut":false,"couponDiscount":{"discountType":"R","discountPrice":"0","discountRate":"15"},"cardDiscount":{"discountRate":0},"sellerInfo":{"sellCustNo":"155104283","sellLoginId":"emartmall2","nickname":"이마트몰쓱배송","isLmoOfficialSeller":false,"isFashionSquareSeller":false,"isBrandOfficialSeller":false},"hasOption":false,"isAdult":false,"isCartVisible":true,"discountRate":0,"sellPrice":2980,"tagLabels":[{"code":0,"text":"64"}],"buyUnitCount":1,"deliveryCode":"M","rank":64,"lcode":"100000036","mcode":"200001206","scode":"300012406"},{"itemNo":"2518961648","itemName":"노브랜드 슬라이스맛단무지550g","itemUrl":"https://item.gmarket.co.kr/Item?goodscode=2518961648","imageUrl":"//gdimg.gmarket.co.kr/2518961648/still/400?ver=1725113003","itemPrice":2680,"buyCount":12452,"reviewPoint":{"starPoint":4.74,"reviewCount":5291},"isBigSmileItem":false,"isSoldOut":false,"cardDiscount":{"discountRate":0},"sellerInfo":{"sellCustNo":"155104283","sellLoginId":"emartmall2","nickname":"이마트몰쓱배송","isLmoOfficialSeller":false,"isFashionSquareSeller":false,"isBrandOfficialSeller":false},"hasOption":false,"isAdult":false,"isCartVisible":true,"discountRate":0,"sellPrice":2680,"tagLabels":[{"code":0,"text":"65"}],"buyUnitCount":1,"deliveryCode":"M","rank":65,"lcode":"100000020","mcode":"200001222","scode":"300020128"},{"itemNo":"2522511087","itemName":"노브랜드 빅그릴프랑크 550g","itemUrl":"https://item.gmarket.co.kr/Item?goodscode=2522511087","imageUrl":"//gdimg.gmarket.co.kr/2522511087/still/400?ver=1725101583","sdBrandName":"노브랜드","itemPrice":6980,"buyCount":7180,"reviewPoint":{"starPoint":4.82,"reviewCount":2080},"isBigSmileItem":false,"isSoldOut":false,"cardDiscount":{"discountRate":0},"sellerInfo":{"sellCustNo":"155104283","sellLoginId":"emartmall2","nickname":"이마트몰쓱배송","isLmoOfficialSeller":false,"isFashionSquareSeller":false,"isBrandOfficialSeller":false},"hasOption":false,"isAdult":false,"isCartVisible":true,"discountRate":0,"sellPrice":6980,"tagLabels":[{"code":0,"text":"66"}],"buyUnitCount":1,"deliveryCode":"M","unitPrice":{"unit":10,"unitName":"g","price":127},"rank":66,"lcode":"100000036","mcode":"200002371","scode":"300024639"},{"itemNo":"2523273425","itemName":"노브랜드꼬치어묵518g","itemUrl":"https://item.gmarket.co.kr/Item?goodscode=2523273425","imageUrl":"//gdimg.gmarket.co.kr/2523273425/still/400?ver=1725115669","sdBrandName":"노브랜드","itemPrice":4880,"buyCount":7560,"reviewPoint":{"starPoint":4.76,"reviewCount":2449},"isBigSmileItem":false,"isSoldOut":false,"cardDiscount":{"discountRate":0},"sellerInfo":{"sellCustNo":"155104283","sellLoginId":"emartmall2","nickname":"이마트몰쓱배송","isLmoOfficialSeller":false,"isFashionSquareSeller":false,"isBrandOfficialSeller":false},"hasOption":false,"isAdult":false,"isCartVisible":true,"discountRate":0,"sellPrice":4880,"tagLabels":[{"code":0,"text":"67"}],"buyUnitCount":1,"deliveryCode":"M","unitPrice":{"unit":10,"unitName":"g","price":94},"rank":67,"lcode":"100000036","mcode":"200000642","scode":"300028689"},{"itemNo":"2522755540","itemName":"노브랜드 쇠고기 사골미역국 500g","itemUrl":"https://item.gmarket.co.kr/Item?goodscode=2522755540","imageUrl":"//gdimg.gmarket.co.kr/2522755540/still/400?ver=1725106396","sdBrandName":"노브랜드","itemPrice":2480,"buyCount":20149,"reviewPoint":{"starPoint":4.78,"reviewCount":3044},"isBigSmileItem":false,"isSoldOut":false,"cardDiscount":{"discountRate":0},"sellerInfo":{"sellCustNo":"155104283","sellLoginId":"emartmall2","nickname":"이마트몰쓱배송","isLmoOfficialSeller":false,"isFashionSquareSeller":false,"isBrandOfficialSeller":false},"hasOption":false,"isAdult":false,"isCartVisible":true,"discountRate":0,"sellPrice":2480,"tagLabels":[{"code":0,"text":"68"}],"buyUnitCount":1,"deliveryCode":"M","rank":68,"lcode":"100000036","mcode":"200000642","scode":"300028692"},{"itemNo":"2518614548","itemName":"CJ 스팸25% 라이트 200g3입","itemUrl":"https://item.gmarket.co.kr/Item?goodscode=2518614548","imageUrl":"//gdimg.gmarket.co.kr/2518614548/still/400?ver=1725090973","sdBrandName":"스팸","itemPrice":9980,"buyCount":831,"reviewPoint":{"starPoint":4.78,"reviewCount":76},"isBigSmileItem":false,"isSoldOut":false,"couponDiscount":{"discountType":"R","discountPrice":"0","discountRate":"15"},"cardDiscount":{"discountRate":0},"sellerInfo":{"sellCustNo":"155104283","sellLoginId":"emartmall2","nickname":"이마트몰쓱배송","isLmoOfficialSeller":false,"isFashionSquareSeller":false,"isBrandOfficialSeller":false},"hasOption":false,"isAdult":false,"isCartVisible":true,"discountRate":35,"sellPrice":15480,"tagLabels":[{"code":0,"text":"69"}],"buyUnitCount":1,"deliveryCode":"M","unitPrice":{"unit":10,"unitName":"g","price":166},"rank":69,"lcode":"100000036","mcode":"200001212","scode":"300012437"},{"itemNo":"2522803435","itemName":"CJ 비비고 한우사골곰탕 500g","itemUrl":"https://item.gmarket.co.kr/Item?goodscode=2522803435","imageUrl":"//gdimg.gmarket.co.kr/2522803435/still/400?ver=1725105657","sdBrandName":"비비고","itemPrice":3480,"buyCount":8093,"reviewPoint":{"starPoint":4.76,"reviewCount":1223},"isBigSmileItem":false,"isSoldOut":false,"couponDiscount":{"discountType":"R","discountPrice":"0","discountRate":"15"},"cardDiscount":{"discountRate":0},"sellerInfo":{"sellCustNo":"155104283","sellLoginId":"emartmall2","nickname":"이마트몰쓱배송","isLmoOfficialSeller":false,"isFashionSquareSeller":false,"isBrandOfficialSeller":false},"hasOption":false,"isAdult":false,"isCartVisible":true,"discountRate":0,"sellPrice":3480,"tagLabels":[{"code":0,"text":"70"}],"buyUnitCount":1,"deliveryCode":"M","rank":70,"lcode":"100000036","mcode":"200000642","scode":"300028692"},{"itemNo":"2886927570","itemName":"고메  소바바치킨 소이허니 순살 375G","itemUrl":"https://item.gmarket.co.kr/Item?goodscode=2886927570","imageUrl":"//gdimg.gmarket.co.kr/2886927570/still/400?ver=1725126525","sdBrandName":"고메","itemPrice":8980,"buyCount":4539,"reviewPoint":{"starPoint":4.76,"reviewCount":1227},"isBigSmileItem":false,"isSoldOut":false,"couponDiscount":{"discountType":"R","discountPrice":"0","discountRate":"15"},"cardDiscount":{"discountRate":0},"sellerInfo":{"sellCustNo":"155104283","sellLoginId":"emartmall2","nickname":"이마트몰쓱배송","isLmoOfficialSeller":false,"isFashionSquareSeller":false,"isBrandOfficialSeller":false},"hasOption":false,"isAdult":false,"isCartVisible":true,"discountRate":0,"sellPrice":8980,"tagLabels":[{"code":0,"text":"71"}],"buyUnitCount":1,"deliveryCode":"M","rank":71,"lcode":"100000036","mcode":"200002371","scode":"300028715"},{"itemNo":"2523274813","itemName":"노브랜드매운꼬치어묵528g","itemUrl":"https://item.gmarket.co.kr/Item?goodscode=2523274813","imageUrl":"//gdimg.gmarket.co.kr/2523274813/still/400?ver=1725116380","sdBrandName":"노브랜드","itemPrice":4880,"buyCount":6634,"reviewPoint":{"starPoint":4.76,"reviewCount":2372},"isBigSmileItem":false,"isSoldOut":false,"cardDiscount":{"discountRate":0},"sellerInfo":{"sellCustNo":"155104283","sellLoginId":"emartmall2","nickname":"이마트몰쓱배송","isLmoOfficialSeller":false,"isFashionSquareSeller":false,"isBrandOfficialSeller":false},"hasOption":false,"isAdult":false,"isCartVisible":true,"discountRate":0,"sellPrice":4880,"tagLabels":[{"code":0,"text":"72"}],"buyUnitCount":1,"deliveryCode":"M","unitPrice":{"unit":10,"unitName":"g","price":92},"rank":72,"lcode":"100000036","mcode":"200000642","scode":"300028689"},{"itemNo":"2518853424","itemName":"피코크 모싯잎송편 600g","itemUrl":"https://item.gmarket.co.kr/Item?goodscode=2518853424","imageUrl":"//gdimg.gmarket.co.kr/2518853424/still/400?ver=1725091647","itemPrice":7980,"buyCount":1158,"reviewPoint":{"starPoint":4.7,"reviewCount":403},"isBigSmileItem":false,"isSoldOut":false,"couponDiscount":{"discountType":"R","discountPrice":"0","discountRate":"15"},"cardDiscount":{"discountRate":0},"sellerInfo":{"sellCustNo":"155104283","sellLoginId":"emartmall2","nickname":"이마트몰쓱배송","isLmoOfficialSeller":false,"isFashionSquareSeller":false,"isBrandOfficialSeller":false},"hasOption":false,"isAdult":false,"isCartVisible":true,"discountRate":0,"sellPrice":7980,"tagLabels":[{"code":0,"text":"73"}],"buyUnitCount":1,"deliveryCode":"M","rank":73,"lcode":"100000036","mcode":"200001206","scode":"300010300"},{"itemNo":"2522879388","itemName":"폰타나 스파게티 500g","itemUrl":"https://item.gmarket.co.kr/Item?goodscode=2522879388","imageUrl":"//gdimg.gmarket.co.kr/2522879388/still/400?ver=1725100101","sdBrandName":"폰타나","itemPrice":2580,"buyCount":7401,"reviewPoint":{"starPoint":4.76,"reviewCount":1819},"isBigSmileItem":false,"isSoldOut":false,"couponDiscount":{"discountType":"R","discountPrice":"0","discountRate":"15"},"cardDiscount":{"discountRate":0},"sellerInfo":{"sellCustNo":"155104283","sellLoginId":"emartmall2","nickname":"이마트몰쓱배송","isLmoOfficialSeller":false,"isFashionSquareSeller":false,"isBrandOfficialSeller":false},"hasOption":false,"isAdult":false,"isCartVisible":true,"discountRate":0,"sellPrice":2580,"tagLabels":[{"code":0,"text":"74"}],"buyUnitCount":1,"deliveryCode":"M","rank":74,"lcode":"100000036","mcode":"200002370","scode":"300012429"},{"itemNo":"2518871423","itemName":"피코크 전주식 콩나물해장국 500g","itemUrl":"https://item.gmarket.co.kr/Item?goodscode=2518871423","imageUrl":"//gdimg.gmarket.co.kr/2518871423/still/400?ver=1725112477","sdBrandName":"피코크","itemPrice":3980,"buyCount":10198,"reviewPoint":{"starPoint":4.72,"reviewCount":1642},"isBigSmileItem":false,"isSoldOut":false,"couponDiscount":{"discountType":"R","discountPrice":"0","discountRate":"15"},"cardDiscount":{"discountRate":0},"sellerInfo":{"sellCustNo":"155104283","sellLoginId":"emartmall2","nickname":"이마트몰쓱배송","isLmoOfficialSeller":false,"isFashionSquareSeller":false,"isBrandOfficialSeller":false},"hasOption":false,"isAdult":false,"isCartVisible":true,"discountRate":0,"sellPrice":3980,"tagLabels":[{"code":0,"text":"75"}],"buyUnitCount":1,"deliveryCode":"M","rank":75,"lcode":"100000036","mcode":"200000642","scode":"300028692"},{"itemNo":"2522874244","itemName":"노브랜드 그릴 함박 스테이크560g","itemUrl":"https://item.gmarket.co.kr/Item?goodscode=2522874244","imageUrl":"//gdimg.gmarket.co.kr/2522874244/still/400?ver=1725118081","sdBrandName":"노브랜드","itemPrice":6980,"buyCount":5218,"reviewPoint":{"starPoint":4.76,"reviewCount":1948},"isBigSmileItem":false,"isSoldOut":false,"cardDiscount":{"discountRate":0},"sellerInfo":{"sellCustNo":"155104283","sellLoginId":"emartmall2","nickname":"이마트몰쓱배송","isLmoOfficialSeller":false,"isFashionSquareSeller":false,"isBrandOfficialSeller":false},"hasOption":false,"isAdult":false,"isCartVisible":true,"discountRate":0,"sellPrice":6980,"tagLabels":[{"code":0,"text":"76"}],"buyUnitCount":1,"deliveryCode":"M","rank":76,"lcode":"100000036","mcode":"200002371","scode":"300028719"},{"itemNo":"2518862446","itemName":"CJ 햇반소프트밀 누룽지닭백숙죽 420g","itemUrl":"https://item.gmarket.co.kr/Item?goodscode=2518862446","imageUrl":"//gdimg.gmarket.co.kr/2518862446/still/400?ver=1725113589","sdBrandName":"햇반","itemPrice":4980,"buyCount":12795,"reviewPoint":{"starPoint":4.74,"reviewCount":2092},"isBigSmileItem":false,"isSoldOut":false,"couponDiscount":{"discountType":"R","discountPrice":"0","discountRate":"15"},"cardDiscount":{"discountRate":0},"sellerInfo":{"sellCustNo":"155104283","sellLoginId":"emartmall2","nickname":"이마트몰쓱배송","isLmoOfficialSeller":false,"isFashionSquareSeller":false,"isBrandOfficialSeller":false},"hasOption":false,"isAdult":false,"isCartVisible":true,"discountRate":0,"sellPrice":4980,"tagLabels":[{"code":0,"text":"77"}],"buyUnitCount":1,"deliveryCode":"M","rank":77,"lcode":"100000036","mcode":"200001211","scode":"300024651"},{"itemNo":"2518559847","itemName":"노브랜드감자튀김슈스트링700g","itemUrl":"https://item.gmarket.co.kr/Item?goodscode=2518559847","imageUrl":"//gdimg.gmarket.co.kr/2518559847/still/400?ver=1725107973","sdBrandName":"노브랜드","itemPrice":3580,"buyCount":8505,"reviewPoint":{"starPoint":4.76,"reviewCount":2738},"isBigSmileItem":false,"isSoldOut":false,"cardDiscount":{"discountRate":0},"sellerInfo":{"sellCustNo":"155104283","sellLoginId":"emartmall2","nickname":"이마트몰쓱배송","isLmoOfficialSeller":false,"isFashionSquareSeller":false,"isBrandOfficialSeller":false},"hasOption":false,"isAdult":false,"isCartVisible":true,"discountRate":0,"sellPrice":3580,"tagLabels":[{"code":0,"text":"78"}],"buyUnitCount":1,"deliveryCode":"M","rank":78,"lcode":"100000036","mcode":"200000642","scode":"300028687"},{"itemNo":"2933022641","itemName":"노브랜드 리얼햄 1kg","itemUrl":"https://item.gmarket.co.kr/Item?goodscode=2933022641","imageUrl":"//gdimg.gmarket.co.kr/2933022641/still/400?ver=1725130294","sdBrandName":"노브랜드","itemPrice":9980,"buyCount":4170,"reviewPoint":{"starPoint":4.77,"reviewCount":2220},"isBigSmileItem":false,"isSoldOut":false,"cardDiscount":{"discountRate":0},"sellerInfo":{"sellCustNo":"155104283","sellLoginId":"emartmall2","nickname":"이마트몰쓱배송","isLmoOfficialSeller":false,"isFashionSquareSeller":false,"isBrandOfficialSeller":false},"hasOption":false,"isAdult":false,"isCartVisible":true,"discountRate":0,"sellPrice":9980,"tagLabels":[{"code":0,"text":"79"}],"buyUnitCount":1,"deliveryCode":"M","unitPrice":{"unit":10,"unitName":"g","price":100},"rank":79,"lcode":"100000036","mcode":"200002371","scode":"300024639"},{"itemNo":"4014696946","itemName":"CJ 비비고 플랜테이블 잡채왕교자 385g","itemUrl":"https://item.gmarket.co.kr/Item?goodscode=4014696946","imageUrl":"//gdimg.gmarket.co.kr/4014696946/still/400?ver=1725141986","sdBrandName":"비비고","itemPrice":6980,"buyCount":123,"reviewPoint":{"starPoint":4.45,"reviewCount":16},"isBigSmileItem":false,"isSoldOut":false,"couponDiscount":{"discountType":"R","discountPrice":"0","discountRate":"15"},"cardDiscount":{"discountRate":0},"sellerInfo":{"sellCustNo":"155104283","sellLoginId":"emartmall2","nickname":"이마트몰쓱배송","isLmoOfficialSeller":false,"isFashionSquareSeller":false,"isBrandOfficialSeller":false},"hasOption":false,"isAdult":false,"isCartVisible":true,"discountRate":0,"sellPrice":6980,"tagLabels":[{"code":0,"text":"80"}],"buyUnitCount":1,"deliveryCode":"M","rank":80,"lcode":"100000036","mcode":"200000642","scode":"300008265"},{"itemNo":"2522414437","itemName":"동원 추억의 부산어묵 쫄깃사각 990","itemUrl":"https://item.gmarket.co.kr/Item?goodscode=2522414437","imageUrl":"//gdimg.gmarket.co.kr/2522414437/still/400?ver=1725101747","sdBrandName":"동원","itemPrice":5980,"buyCount":3569,"reviewPoint":{"starPoint":4.77,"reviewCount":1696},"isBigSmileItem":false,"isSoldOut":false,"couponDiscount":{"discountType":"R","discountPrice":"0","discountRate":"15"},"cardDiscount":{"discountRate":0},"sellerInfo":{"sellCustNo":"155104283","sellLoginId":"emartmall2","nickname":"이마트몰쓱배송","isLmoOfficialSeller":false,"isFashionSquareSeller":false,"isBrandOfficialSeller":false},"hasOption":false,"isAdult":false,"isCartVisible":true,"discountRate":0,"sellPrice":5980,"tagLabels":[{"code":0,"text":"81"}],"buyUnitCount":1,"deliveryCode":"M","unitPrice":{"unit":10,"unitName":"g","price":60},"rank":81,"lcode":"100000036","mcode":"200002930","scode":"300028705"},{"itemNo":"2518512473","itemName":"노브랜드 슬라이스햄 60g","itemUrl":"https://item.gmarket.co.kr/Item?goodscode=2518512473","imageUrl":"//gdimg.gmarket.co.kr/2518512473/still/400?ver=1725107074","sdBrandName":"노브랜드","itemPrice":1180,"buyCount":14175,"reviewPoint":{"starPoint":4.78,"reviewCount":2286},"isBigSmileItem":false,"isSoldOut":false,"cardDiscount":{"discountRate":0},"sellerInfo":{"sellCustNo":"155104283","sellLoginId":"emartmall2","nickname":"이마트몰쓱배송","isLmoOfficialSeller":false,"isFashionSquareSeller":false,"isBrandOfficialSeller":false},"hasOption":false,"isAdult":false,"isCartVisible":true,"discountRate":0,"sellPrice":1180,"tagLabels":[{"code":0,"text":"82"}],"buyUnitCount":1,"deliveryCode":"M","rank":82,"lcode":"100000036","mcode":"200002371","scode":"300024639"},{"itemNo":"2518853534","itemName":"피코크 흰송편 600g","itemUrl":"https://item.gmarket.co.kr/Item?goodscode=2518853534","imageUrl":"//gdimg.gmarket.co.kr/2518853534/still/400?ver=1725091563","itemPrice":7980,"buyCount":1158,"reviewPoint":{"starPoint":4.63,"reviewCount":288},"isBigSmileItem":false,"isSoldOut":false,"couponDiscount":{"discountType":"R","discountPrice":"0","discountRate":"15"},"cardDiscount":{"discountRate":0},"sellerInfo":{"sellCustNo":"155104283","sellLoginId":"emartmall2","nickname":"이마트몰쓱배송","isLmoOfficialSeller":false,"isFashionSquareSeller":false,"isBrandOfficialSeller":false},"hasOption":false,"isAdult":false,"isCartVisible":true,"discountRate":0,"sellPrice":7980,"tagLabels":[{"code":0,"text":"83"}],"buyUnitCount":1,"deliveryCode":"M","rank":83,"lcode":"100000036","mcode":"200001206","scode":"300010300"},{"itemNo":"2522201854","itemName":"피코크 바삭탱글 김말이튀김 700g","itemUrl":"https://item.gmarket.co.kr/Item?goodscode=2522201854","imageUrl":"//gdimg.gmarket.co.kr/2522201854/still/400?ver=1725101078","sdBrandName":"피코크","itemPrice":4980,"buyCount":1957,"reviewPoint":{"starPoint":4.68,"reviewCount":1005},"isBigSmileItem":false,"isSoldOut":false,"couponDiscount":{"discountType":"R","discountPrice":"0","discountRate":"15"},"cardDiscount":{"discountRate":0},"sellerInfo":{"sellCustNo":"155104283","sellLoginId":"emartmall2","nickname":"이마트몰쓱배송","isLmoOfficialSeller":false,"isFashionSquareSeller":false,"isBrandOfficialSeller":false},"hasOption":false,"isAdult":false,"isCartVisible":true,"discountRate":0,"sellPrice":4980,"tagLabels":[{"code":0,"text":"84"}],"buyUnitCount":1,"deliveryCode":"M","rank":84,"lcode":"100000036","mcode":"200000642","scode":"300019300"},{"itemNo":"2518853173","itemName":"피코크순희네 녹두 빈대떡 400g","itemUrl":"https://item.gmarket.co.kr/Item?goodscode=2518853173","imageUrl":"//gdimg.gmarket.co.kr/2518853173/still/400?ver=1725091630","sdBrandName":"피코크","itemPrice":8980,"buyCount":4911,"reviewPoint":{"starPoint":4.71,"reviewCount":1404},"isBigSmileItem":false,"isSoldOut":false,"couponDiscount":{"discountType":"R","discountPrice":"0","discountRate":"15"},"cardDiscount":{"discountRate":0},"sellerInfo":{"sellCustNo":"155104283","sellLoginId":"emartmall2","nickname":"이마트몰쓱배송","isLmoOfficialSeller":false,"isFashionSquareSeller":false,"isBrandOfficialSeller":false},"hasOption":false,"isAdult":false,"isCartVisible":true,"discountRate":0,"sellPrice":8980,"tagLabels":[{"code":0,"text":"85"}],"buyUnitCount":1,"deliveryCode":"M","rank":85,"lcode":"100000036","mcode":"200000642","scode":"300028688"},{"itemNo":"2519350025","itemName":"노브랜드 리얼 핫도그 750g","itemUrl":"https://item.gmarket.co.kr/Item?goodscode=2519350025","imageUrl":"//gdimg.gmarket.co.kr/2519350025/still/400?ver=1725100574","sdBrandName":"노브랜드","itemPrice":8280,"buyCount":6401,"reviewPoint":{"starPoint":4.72,"reviewCount":1818},"isBigSmileItem":false,"isSoldOut":false,"cardDiscount":{"discountRate":0},"sellerInfo":{"sellCustNo":"155104283","sellLoginId":"emartmall2","nickname":"이마트몰쓱배송","isLmoOfficialSeller":false,"isFashionSquareSeller":false,"isBrandOfficialSeller":false},"hasOption":false,"isAdult":false,"isCartVisible":true,"discountRate":0,"sellPrice":8280,"tagLabels":[{"code":0,"text":"86"}],"buyUnitCount":1,"deliveryCode":"M","rank":86,"lcode":"100000036","mcode":"200000642","scode":"300028689"},{"itemNo":"2819982797","itemName":"풀무원 알뜰부산어묵 180g","itemUrl":"https://item.gmarket.co.kr/Item?goodscode=2819982797","imageUrl":"//gdimg.gmarket.co.kr/2819982797/still/400?ver=1725129565","sdBrandName":"풀무원","itemPrice":990,"buyCount":9412,"reviewPoint":{"starPoint":4.73,"reviewCount":4080},"isBigSmileItem":false,"isSoldOut":false,"couponDiscount":{"discountType":"R","discountPrice":"0","discountRate":"15"},"cardDiscount":{"discountRate":0},"sellerInfo":{"sellCustNo":"155104283","sellLoginId":"emartmall2","nickname":"이마트몰쓱배송","isLmoOfficialSeller":false,"isFashionSquareSeller":false,"isBrandOfficialSeller":false},"hasOption":false,"isAdult":false,"isCartVisible":true,"discountRate":0,"sellPrice":990,"tagLabels":[{"code":0,"text":"87"}],"buyUnitCount":1,"deliveryCode":"M","unitPrice":{"unit":10,"unitName":"g","price":55},"rank":87,"lcode":"100000036","mcode":"200002930","scode":"300028705"},{"itemNo":"2561908882","itemName":"일미 김밥단무지 400g","itemUrl":"https://item.gmarket.co.kr/Item?goodscode=2561908882","imageUrl":"//gdimg.gmarket.co.kr/2561908882/still/400?ver=1725090963","itemPrice":2550,"buyCount":7279,"reviewPoint":{"starPoint":4.78,"reviewCount":2985},"isBigSmileItem":false,"isSoldOut":false,"couponDiscount":{"discountType":"R","discountPrice":"0","discountRate":"15"},"cardDiscount":{"discountRate":0},"sellerInfo":{"sellCustNo":"155104283","sellLoginId":"emartmall2","nickname":"이마트몰쓱배송","isLmoOfficialSeller":false,"isFashionSquareSeller":false,"isBrandOfficialSeller":false},"hasOption":false,"isAdult":false,"isCartVisible":true,"discountRate":0,"sellPrice":2550,"tagLabels":[{"code":0,"text":"88"}],"buyUnitCount":1,"deliveryCode":"M","rank":88,"lcode":"100000020","mcode":"200001222","scode":"300020128"},{"itemNo":"2545373330","itemName":"오뚜기 옛날 사골곰탕 500g","itemUrl":"https://item.gmarket.co.kr/Item?goodscode=2545373330","imageUrl":"//gdimg.gmarket.co.kr/2545373330/still/400?ver=1725125254","sdBrandName":"오뚜기","itemPrice":1100,"buyCount":6543,"reviewPoint":{"starPoint":4.83,"reviewCount":636},"isBigSmileItem":false,"isSoldOut":false,"couponDiscount":{"discountType":"R","discountPrice":"0","discountRate":"15"},"cardDiscount":{"discountRate":0},"sellerInfo":{"sellCustNo":"155104283","sellLoginId":"emartmall2","nickname":"이마트몰쓱배송","isLmoOfficialSeller":false,"isFashionSquareSeller":false,"isBrandOfficialSeller":false},"hasOption":false,"isAdult":false,"isCartVisible":true,"discountRate":0,"sellPrice":1100,"tagLabels":[{"code":0,"text":"89"}],"buyUnitCount":1,"deliveryCode":"M","rank":89,"lcode":"100000036","mcode":"200000642","scode":"300028692"},{"itemNo":"2518843897","itemName":"청정원 호밍스 도가니탕 450g","itemUrl":"https://item.gmarket.co.kr/Item?goodscode=2518843897","imageUrl":"//gdimg.gmarket.co.kr/2518843897/still/400?ver=1725113583","sdBrandName":"청정원","itemPrice":6980,"buyCount":3331,"reviewPoint":{"starPoint":4.73,"reviewCount":594},"isBigSmileItem":false,"isSoldOut":false,"couponDiscount":{"discountType":"R","discountPrice":"0","discountRate":"15"},"cardDiscount":{"discountRate":0},"sellerInfo":{"sellCustNo":"155104283","sellLoginId":"emartmall2","nickname":"이마트몰쓱배송","isLmoOfficialSeller":false,"isFashionSquareSeller":false,"isBrandOfficialSeller":false},"hasOption":false,"isAdult":false,"isCartVisible":true,"discountRate":0,"sellPrice":6980,"tagLabels":[{"code":0,"text":"90"}],"buyUnitCount":1,"deliveryCode":"M","rank":90,"lcode":"100000036","mcode":"200000642","scode":"300028692"},{"itemNo":"2518947670","itemName":"목우촌 BIG 프라임 브런치부어스트 810g","itemUrl":"https://item.gmarket.co.kr/Item?goodscode=2518947670","imageUrl":"//gdimg.gmarket.co.kr/2518947670/still/400?ver=1725113929","sdBrandName":"목우촌","itemPrice":8980,"buyCount":1508,"reviewPoint":{"starPoint":4.75,"reviewCount":600},"isBigSmileItem":false,"isSoldOut":false,"couponDiscount":{"discountType":"R","discountPrice":"0","discountRate":"15"},"cardDiscount":{"discountRate":0},"sellerInfo":{"sellCustNo":"155104283","sellLoginId":"emartmall2","nickname":"이마트몰쓱배송","isLmoOfficialSeller":false,"isFashionSquareSeller":false,"isBrandOfficialSeller":false},"hasOption":false,"isAdult":false,"isCartVisible":true,"discountRate":0,"sellPrice":8980,"tagLabels":[{"code":0,"text":"91"}],"buyUnitCount":1,"deliveryCode":"M","unitPrice":{"unit":10,"unitName":"g","price":111},"rank":91,"lcode":"100000036","mcode":"200002371","scode":"300024639"},{"itemNo":"2519387151","itemName":"오뚜기 청주식 돼지김치짜글이 450g","itemUrl":"https://item.gmarket.co.kr/Item?goodscode=2519387151","imageUrl":"//gdimg.gmarket.co.kr/2519387151/still/400?ver=1725124160","sdBrandName":"오뚜기","itemPrice":7880,"buyCount":6759,"reviewPoint":{"starPoint":4.77,"reviewCount":1435},"isBigSmileItem":false,"isSoldOut":false,"couponDiscount":{"discountType":"R","discountPrice":"0","discountRate":"15"},"cardDiscount":{"discountRate":0},"sellerInfo":{"sellCustNo":"155104283","sellLoginId":"emartmall2","nickname":"이마트몰쓱배송","isLmoOfficialSeller":false,"isFashionSquareSeller":false,"isBrandOfficialSeller":false},"hasOption":false,"isAdult":false,"isCartVisible":true,"discountRate":0,"sellPrice":7880,"tagLabels":[{"code":0,"text":"92"}],"buyUnitCount":1,"deliveryCode":"M","rank":92,"lcode":"100000036","mcode":"200000642","scode":"300028692"},{"itemNo":"2523271773","itemName":"노브랜드 치킨너겟800g","itemUrl":"https://item.gmarket.co.kr/Item?goodscode=2523271773","imageUrl":"//gdimg.gmarket.co.kr/2523271773/still/400?ver=1725117054","sdBrandName":"노브랜드","itemPrice":7980,"buyCount":3619,"reviewPoint":{"starPoint":4.8,"reviewCount":1263},"isBigSmileItem":false,"isSoldOut":false,"cardDiscount":{"discountRate":0},"sellerInfo":{"sellCustNo":"155104283","sellLoginId":"emartmall2","nickname":"이마트몰쓱배송","isLmoOfficialSeller":false,"isFashionSquareSeller":false,"isBrandOfficialSeller":false},"hasOption":false,"isAdult":false,"isCartVisible":true,"discountRate":0,"sellPrice":7980,"tagLabels":[{"code":0,"text":"93"}],"buyUnitCount":1,"deliveryCode":"M","rank":93,"lcode":"100000036","mcode":"200002371","scode":"300028714"},{"itemNo":"2518619978","itemName":"청정원 스파게티면 500g","itemUrl":"https://item.gmarket.co.kr/Item?goodscode=2518619978","imageUrl":"//gdimg.gmarket.co.kr/2518619978/still/400?ver=1725092021","sdBrandName":"청정원","itemPrice":2980,"buyCount":7353,"reviewPoint":{"starPoint":4.81,"reviewCount":2148},"isBigSmileItem":false,"isSoldOut":false,"couponDiscount":{"discountType":"R","discountPrice":"0","discountRate":"15"},"cardDiscount":{"discountRate":0},"sellerInfo":{"sellCustNo":"155104283","sellLoginId":"emartmall2","nickname":"이마트몰쓱배송","isLmoOfficialSeller":false,"isFashionSquareSeller":false,"isBrandOfficialSeller":false},"hasOption":false,"isAdult":false,"isCartVisible":true,"discountRate":0,"sellPrice":2980,"tagLabels":[{"code":0,"text":"94"}],"buyUnitCount":1,"deliveryCode":"M","rank":94,"lcode":"100000036","mcode":"200002370","scode":"300012429"},{"itemNo":"2518928865","itemName":"피코크 롱부어스트 225g","itemUrl":"https://item.gmarket.co.kr/Item?goodscode=2518928865","imageUrl":"//gdimg.gmarket.co.kr/2518928865/still/400?ver=1725115730","sdBrandName":"피코크","itemPrice":3480,"buyCount":4482,"reviewPoint":{"starPoint":4.73,"reviewCount":1517},"isBigSmileItem":false,"isSoldOut":false,"couponDiscount":{"discountType":"R","discountPrice":"0","discountRate":"15"},"cardDiscount":{"discountRate":0},"sellerInfo":{"sellCustNo":"155104283","sellLoginId":"emartmall2","nickname":"이마트몰쓱배송","isLmoOfficialSeller":false,"isFashionSquareSeller":false,"isBrandOfficialSeller":false},"hasOption":false,"isAdult":false,"isCartVisible":true,"discountRate":0,"sellPrice":3480,"tagLabels":[{"code":0,"text":"95"}],"buyUnitCount":1,"deliveryCode":"M","unitPrice":{"unit":10,"unitName":"g","price":155},"rank":95,"lcode":"100000036","mcode":"200002371","scode":"300024639"},{"itemNo":"2522451728","itemName":"CJ 햇반소프트밀 단호박죽 420g","itemUrl":"https://item.gmarket.co.kr/Item?goodscode=2522451728","imageUrl":"//gdimg.gmarket.co.kr/2522451728/still/400?ver=1725101249","sdBrandName":"햇반","itemPrice":4980,"buyCount":9428,"reviewPoint":{"starPoint":4.79,"reviewCount":1735},"isBigSmileItem":false,"isSoldOut":false,"couponDiscount":{"discountType":"R","discountPrice":"0","discountRate":"15"},"cardDiscount":{"discountRate":0},"sellerInfo":{"sellCustNo":"155104283","sellLoginId":"emartmall2","nickname":"이마트몰쓱배송","isLmoOfficialSeller":false,"isFashionSquareSeller":false,"isBrandOfficialSeller":false},"hasOption":false,"isAdult":false,"isCartVisible":true,"discountRate":0,"sellPrice":4980,"tagLabels":[{"code":0,"text":"96"}],"buyUnitCount":1,"deliveryCode":"M","rank":96,"lcode":"100000036","mcode":"200001211","scode":"300024651"},{"itemNo":"2519056566","itemName":"한성크래미145g2입기획","itemUrl":"https://item.gmarket.co.kr/Item?goodscode=2519056566","imageUrl":"//gdimg.gmarket.co.kr/2519056566/still/400?ver=1725099447","sdBrandName":"한성기업","itemPrice":4980,"buyCount":4436,"reviewPoint":{"starPoint":4.72,"reviewCount":1274},"isBigSmileItem":false,"isSoldOut":false,"couponDiscount":{"discountType":"R","discountPrice":"0","discountRate":"15"},"cardDiscount":{"discountRate":0},"sellerInfo":{"sellCustNo":"155104283","sellLoginId":"emartmall2","nickname":"이마트몰쓱배송","isLmoOfficialSeller":false,"isFashionSquareSeller":false,"isBrandOfficialSeller":false},"hasOption":false,"isAdult":false,"isCartVisible":true,"discountRate":0,"sellPrice":4980,"tagLabels":[{"code":0,"text":"97"}],"buyUnitCount":1,"deliveryCode":"M","unitPrice":{"unit":10,"unitName":"g","price":172},"rank":97,"lcode":"100000036","mcode":"200002930","scode":"300028705"},{"itemNo":"2522675720","itemName":"노브랜드 한입 눈꽃탕수육 375g","itemUrl":"https://item.gmarket.co.kr/Item?goodscode=2522675720","imageUrl":"//gdimg.gmarket.co.kr/2522675720/still/400?ver=1725103846","sdBrandName":"노브랜드","itemPrice":5680,"buyCount":6801,"reviewPoint":{"starPoint":4.73,"reviewCount":1725},"isBigSmileItem":false,"isSoldOut":false,"cardDiscount":{"discountRate":0},"sellerInfo":{"sellCustNo":"155104283","sellLoginId":"emartmall2","nickname":"이마트몰쓱배송","isLmoOfficialSeller":false,"isFashionSquareSeller":false,"isBrandOfficialSeller":false},"hasOption":false,"isAdult":false,"isCartVisible":true,"discountRate":0,"sellPrice":5680,"tagLabels":[{"code":0,"text":"98"}],"buyUnitCount":1,"deliveryCode":"M","rank":98,"lcode":"100000036","mcode":"200002371","scode":"300028717"},{"itemNo":"2518407756","itemName":"목우촌 주부9단 후랑크 500g","itemUrl":"https://item.gmarket.co.kr/Item?goodscode=2518407756","imageUrl":"//gdimg.gmarket.co.kr/2518407756/still/400?ver=1725092734","sdBrandName":"목우촌","itemPrice":7980,"buyCount":11556,"reviewPoint":{"starPoint":4.77,"reviewCount":3626},"isBigSmileItem":false,"isSoldOut":false,"couponDiscount":{"discountType":"R","discountPrice":"0","discountRate":"15"},"cardDiscount":{"discountRate":0},"sellerInfo":{"sellCustNo":"155104283","sellLoginId":"emartmall2","nickname":"이마트몰쓱배송","isLmoOfficialSeller":false,"isFashionSquareSeller":false,"isBrandOfficialSeller":false},"hasOption":false,"isAdult":false,"isCartVisible":true,"discountRate":0,"sellPrice":7980,"tagLabels":[{"code":0,"text":"99"}],"buyUnitCount":1,"deliveryCode":"M","rank":99,"lcode":"100000036","mcode":"200002371","scode":"300024639"},{"itemNo":"2518634096","itemName":"대림 맛살하면 역시 오양맛살 270g","itemUrl":"https://item.gmarket.co.kr/Item?goodscode=2518634096","imageUrl":"//gdimg.gmarket.co.kr/2518634096/still/400?ver=1725091949","sdBrandName":"오양","itemPrice":2280,"buyCount":4513,"reviewPoint":{"starPoint":4.78,"reviewCount":1839},"isBigSmileItem":false,"isSoldOut":false,"couponDiscount":{"discountType":"R","discountPrice":"0","discountRate":"15"},"cardDiscount":{"discountRate":0},"sellerInfo":{"sellCustNo":"155104283","sellLoginId":"emartmall2","nickname":"이마트몰쓱배송","isLmoOfficialSeller":false,"isFashionSquareSeller":false,"isBrandOfficialSeller":false},"hasOption":false,"isAdult":false,"isCartVisible":true,"discountRate":0,"sellPrice":2280,"tagLabels":[{"code":0,"text":"100"}],"buyUnitCount":1,"deliveryCode":"M","unitPrice":{"unit":10,"unitName":"g","price":84},"rank":100,"lcode":"100000036","mcode":"200002930","scode":"300028705"}]},"sortOption":"Popularity"},"bigSmileDay":{"isBigSmileDay":true,"bsdTagImageUrl":"//image.gmarket.co.kr/hanbando/202408/a4e449b9-22a7-4df9-aaa4-148d912fcc83.png","bsdTagAltText":"한가위 빅세일","bsdToggleText":"//image.gmarket.co.kr/hanbando/202408/59082f4f-8cf6-4b62-b345-1072bb0c0d3c.gif","bsdToggleBackGround":"//image.gmarket.co.kr/hanbando/202408/7911f573-e13d-4fcc-80de-3c1fbed2bfdb.png","bsdToggleUseSmileIcon":false,"bsdToggleOnAltText":"한가위 빅세일 필터 ","bsdToggleOffAltText":"한가위 빅세일 필터 "},"isSFC":false}},"__N_SSP":true},"page":"/n/smilefresh/best","query":{"categoryCode":"100001006"},"buildId":"FuleE6RJUYphys9RuEDG0","assetPrefix":"/n/smilefresh","isFallback":false,"gssp":true,"customServer":true,"scriptLoader":[]}</script><script>(function(){function c(){var b=a.contentDocument||a.contentWindow.document;if(b){var d=b.createElement('script');d.innerHTML="window.__CF$cv$params={r:'8bea754d3e4ca7dd',t:'MTcyNTU4Mzc1Ni4wMDAwMDA='};var a=document.createElement('script');a.nonce='';a.src='/cdn-cgi/challenge-platform/scripts/jsd/main.js';document.getElementsByTagName('head')[0].appendChild(a);";b.getElementsByTagName('head')[0].appendChild(d)}}if(document.body){var a=document.createElement('iframe');a.height=1;a.width=1;a.style.position='absolute';a.style.top=0;a.style.left=0;a.style.border='none';a.style.visibility='hidden';document.body.appendChild(a);if('loading'!==document.readyState)c();else if(window.addEventListener)document.addEventListener('DOMContentLoaded',c);else{var e=document.onreadystatechange||function(){};document.onreadystatechange=function(b){e(b);'loading'!==document.readyState&&(document.onreadystatechange=e,c())}}}})();</script></body></html>