<!DOCTYPE html><html lang="ko" class="no-js platform__web os__windows"><head><meta name="viewport" content="width=1260"/><meta charSet="utf-8"/><meta http-equiv="X-UA-Compatible" content="ie=edge"/><meta name="msapplication-starturl" content="https://www.gmarket.co.kr/n/smilefresh"/><meta property="og:site_name" content="Gmarket"/><meta property="og:title" content="[G마켓] 스마일프레시"/><meta property="og:type" content="website"/><meta property="og:image" content="http://pics.gmarket.co.kr/share/G_smilefresh_1.0.png"/><meta http-equiv="x-dns-prefetch-control" content="on"/><link rel="dns-prefetch" href="https://pics.gmarket.co.kr/"/><link rel="dns-prefetch" href="https://script.gmarket.co.kr/"/><link rel="dns-prefetch" href="https://image.gmarket.co.kr/"/><link rel="dns-prefetch" href="https://gdimg.gmarket.co.kr/"/><link rel="dns-prefetch" href="https://ad-img.gmarket.com/"/><meta name="p:domain_verify" content="f439a07b31c110a1a16c9a468a630af9"/><meta property="fb:admins" content="100000991027914"/><link rel="apple-touch-icon-precomposed" href="http://image.gmarket.co.kr/Gmarket_Mobile_v2/icon_01.png"/><link rel="shortcut icon" href="https://image.gmarket.co.kr/favicon/gmarket.ico"/><link rel="stylesheet" href="https://script.gmarket.co.kr/pc/css/ko/common.css"/><link rel="stylesheet" href="https://script.gmarket.co.kr/pc/css/common/kr/ui/common.css"/><link rel="stylesheet" href="https://script.gmarket.co.kr/pc/css/common/kr/swiper.min.css"/><link rel="stylesheet" href="https://script.gmarket.co.kr/pc/css/application/kr/smilefresh/app.css"/><link rel="stylesheet" href="https://script.gmarket.co.kr/pc/css/common/kr/ui/desktop_layout.css"/><link rel="preload" as="script" href="https://script.gmarket.co.kr/mobile/js/common/kr/util/viewability.js"/><link rel="preload" as="script" href="https://script.gmarket.co.kr/js/common/ats_gmkt.js"/><link rel="preload" as="script" href="https://script.gmarket.co.kr/fnp/desktop-layout.js"/><style>img[class*=no-js],.swiper-lazy.swiper-lazy-loaded{opacity:1;transition:opacity 0.2s;}img[src^=data],.swiper-lazy{opacity:0;}</style><title>스마일프레시 - 세탁/청소/욕실용품 베스트</title><meta name="description" content="스마일프레시 베스트 상품입니다."/><meta property="og:description" content="스마일프레시 베스트 상품입니다."/><meta property="og:url" content="https://www.gmarket.co.kr/n/smilefresh/best?categoryCode=100002002"/><link rel="canonical" href="best@categoryCode=100002002.html"/><link rel="alternate" media="only screen and (max-width: 640px)" href="https://m.gmarket.co.kr/n/smilefresh/best?categoryCode=100002002"/><meta name="next-head-count" content="33"/><noscript data-n-css=""></noscript><script defer="" nomodule="" src="_next/static/chunks/polyfills-c67a75d1b6f99dc8.js"></script><script defer="" nomodule="" src="_next/static/chunks/polyfills-next-pack-2cc6155c435f3c28.js"></script><script src="_next/static/chunks/webpack-d1ca374413357f9c.js" defer=""></script><script src="_next/static/chunks/framework-0bff4c72fef67389.js" defer=""></script><script src="_next/static/chunks/main-92a66ce9cd5c1b79.js" defer=""></script><script src="_next/static/chunks/pages/_app-e41d5dd9fd26cf09.js" defer=""></script><script src="_next/static/chunks/94a7ad86-beff1d5f4916f37c.js" defer=""></script><script src="_next/static/chunks/c30a072d-b284a345e70d4a79.js" defer=""></script><script src="_next/static/chunks/971-4b1e901bc43526de.js" defer=""></script><script src="_next/static/chunks/765-5e6e5dea54f3191b.js" defer=""></script><script src="_next/static/chunks/186-c103d92344bdb142.js" defer=""></script><script src="_next/static/chunks/29-aeaaef68278b881e.js" defer=""></script><script src="_next/static/chunks/401-32b649bde914004a.js" defer=""></script><script src="_next/static/chunks/233-03ce063c0eec1686.js" defer=""></script><script src="_next/static/chunks/815-fa1dc9d1dbff1188.js" defer=""></script><script src="_next/static/chunks/pages/n/smilefresh/best-cd815d43e763bcd5.js" defer=""></script><script src="_next/static/FuleE6RJUYphys9RuEDG0/_buildManifest.js" defer=""></script><script src="_next/static/FuleE6RJUYphys9RuEDG0/_ssgManifest.js" defer=""></script></head><body class="smilefresh"><script>document.documentElement.className = document.documentElement.className.replace('no-js', 'js');</script><noscript><iframe src="https://www.googletagmanager.com/ns.html?id=GTM-MFMM9GV" height="0" width="0" style="display:none;visibility:hidden" title="smilefresh"></iframe></noscript><div id="__next" data-reactroot=""><div id="skip-navigation" class="skip-navigation-simpleheader"><strong class="for-a11y">스킵 네비게이션</strong><ul><li><a href="best@categoryCode=100002002.html#skip-navigation-search">검색창 바로가기</a></li><li><a href="best@categoryCode=100002002.html#button__category-all">전체카테고리 바로가기</a></li><li><a href="best@categoryCode=100002002.html#container">본문 바로가기</a></li></ul></div><div style="min-height:40px"></div><h2 class="for-a11y">스마일프레시 검색창</h2><div id="smile_gnb" class="smilefresh_gnb" role="complementary" style="position:relative;top:0;z-index:400"><div class="gnb_container"><div class="layout_left"><div id="_smilelnb" class="corenavi navi_allmenu"><button type="button" class="navi_opener" aria-label="스마일프레시 카테고리 메뉴" aria-expanded="false" aria-controls="smiledelivery_category_list"><p class="for-a11y">전체메뉴</p><em class="ico_hambugermenu"><span class="line1"></span><span class="line2"></span><span class="line3"></span></em></button></div><h1><a title="스마일프레시" href="../smilefresh.html"><img src="https://pics.gmarket.co.kr/pc/single/kr/smilefresh/logo_smilefresh.png" height="32" alt="스마일프레시"/></a></h1><div class="smile_search"><form method="get" action="https://www.gmarket.co.kr/n/smilefresh/search"><div class="search_box"><input type="text" class="search_input_keyword" name="keyword" title="검색어입력" aria-label="스마일프레시 검색 입력" autoComplete="off" spellcheck="false" autoCorrect="off" autoCapitalize="off" value=""/><input type="submit" value="검색" class="search_btn_ok sp_sd" style="cursor:pointer"/></div><div class="suggestion_search"></div></form></div></div><div class="layout_right"><a href="https://myg.gmarket.co.kr/ContractList/ContractList" class="link__my sp_sd--before">장본내역</a><div class="cart_guage"><a href="https://cart.gmarket.co.kr/ko/cart/smilefresh" class="cart sp_sd"><span class="for-a11y">장바구니</span></a><span class="for-a11y">장바구니에 담긴 상품수</span></div></div></div><div class="box__smilefresh"><div class="box__smilefresh-inner"><ul class="list__tab" aria-label="스마일프레시 메뉴"><li><a class="link__tab" href="../smilefresh.html">홈</a></li><li><a class="link__tab" href="brand.html">브랜드</a></li><li><a class="link__tab link__tab--active" aria-current="page" href="best.html">베스트</a></li><li><a class="link__tab" href="sale.html">행사중</a></li><li><a class="link__tab" href="freq-buy.html">자주구매</a></li></ul><a href="guide.html" class="link__guide sprite__smilefresh--after">스마일프레시 알아보기</a></div></div></div><div id="content" role="main"><div class="box__component box__smilefresh-delivery"><div class="box__component-inner"><div class="box__delivery-info login"><span class="sprite__smilefresh--before text__address"><span class="text__state">로그인</span>을 진행해 주세요</span><a class="button__address" href="best@categoryCode=100002002.html">로그인</a></div></div></div><div class="box__smilefresh-content box__smilefresh-best"><div class="box__sub-category box__sub-category-type2"><div class="box__sub-category-inner"><h2 class="text__title">스마일프레시 베스트</h2><div class="box__recomend-category category_sec" role="navigation"><div class="box__inner" style="width:1220px"><div class="swiper-container"><div class="swiper-wrapper"><div class="swiper-slide"><ul class="category_slide" aria-label="스마일프레시 베스트 메뉴"><li class="list-item"><a href="best.html"><div class="img_sec"><img data-src="//pics.gmarket.co.kr/pc/single/kr/smilefresh/image__category-all.png" class="swiper-lazy" alt=""/></div><div class="box__category-name"><div class="box__category-name-inner"><span class="category_name">전체</span></div></div></a></li><li class="list-item"><a href="best@categoryCode=100000000.html"><div class="img_sec"><img data-src="https://image.gmarket.co.kr/hanbando/202209/2f7e5c38-9606-4f1a-912e-f969e22f430f.jpg" class="swiper-lazy" alt=""/></div><div class="box__category-name"><div class="box__category-name-inner"><span class="category_name">정육/계란</span></div></div></a></li><li class="list-item"><a href="best@categoryCode=100001005.html"><div class="img_sec"><img data-src="https://image.gmarket.co.kr/hanbando/202207/efc9fa9b-b4d8-4eb4-b44d-dc8a47a8c00a.jpg" class="swiper-lazy" alt=""/></div><div class="box__category-name"><div class="box__category-name-inner"><span class="category_name">과일</span></div></div></a></li><li class="list-item"><a href="best@categoryCode=100001006.html"><div class="img_sec"><img data-src="https://image.gmarket.co.kr/hanbando/202207/287cdcc7-47f4-4949-8cdf-2bfb4ff5522e.jpg" class="swiper-lazy" alt=""/></div><div class="box__category-name"><div class="box__category-name-inner"><span class="category_name">냉동/간편식</span></div></div></a></li><li class="list-item"><a href="best@categoryCode=100001007.html"><div class="img_sec"><img data-src="https://image.gmarket.co.kr/hanbando/202207/92c7e264-61a8-4e11-ab2b-d3ad8a7b3ab6.jpg" class="swiper-lazy" alt=""/></div><div class="box__category-name"><div class="box__category-name-inner"><span class="category_name">쌀/잡곡</span></div></div></a></li><li class="list-item"><a href="best@categoryCode=100001008.html"><div class="img_sec"><img data-src="https://image.gmarket.co.kr/hanbando/202209/eb8b0652-724b-465a-800a-49436a3f5435.jpg" class="swiper-lazy" alt=""/></div><div class="box__category-name"><div class="box__category-name-inner"><span class="category_name">채소/두부</span></div></div></a></li><li class="list-item"><a href="best@categoryCode=100001010.html"><div class="img_sec"><img data-src="https://image.gmarket.co.kr/hanbando/202207/9ac23369-57e8-4299-889a-4f5360cd3c28.jpg" class="swiper-lazy" alt=""/></div><div class="box__category-name"><div class="box__category-name-inner"><span class="category_name">라면/즉석식품</span></div></div></a></li><li class="list-item"><a href="best@categoryCode=100001032.html"><div class="img_sec"><img data-src="https://image.gmarket.co.kr/hanbando/202207/a28bdf02-b436-4466-88de-d8f11ca54296.jpg" class="swiper-lazy" alt=""/></div><div class="box__category-name"><div class="box__category-name-inner"><span class="category_name">생수/음료</span></div></div></a></li><li class="list-item"><a href="best@categoryCode=100001033.html"><div class="img_sec"><img data-src="https://image.gmarket.co.kr/hanbando/202207/fd43d2b2-4f77-4e2c-b5da-58d24b91d95b.jpg" class="swiper-lazy" alt=""/></div><div class="box__category-name"><div class="box__category-name-inner"><span class="category_name">과자/아이스크림</span></div></div></a></li><li class="list-item"><a href="best@categoryCode=100001034.html"><div class="img_sec"><img data-src="https://image.gmarket.co.kr/hanbando/202207/f5f1f7ed-e6a5-4ecd-ac66-aa87756158c2.jpg" class="swiper-lazy" alt=""/></div><div class="box__category-name"><div class="box__category-name-inner"><span class="category_name">우유/유제품</span></div></div></a></li><li class="list-item"><a href="best@categoryCode=100001035.html"><div class="img_sec"><img data-src="https://image.gmarket.co.kr/hanbando/202207/089a0e40-92de-4a0e-a8cb-2a18f78c5691.jpg" class="swiper-lazy" alt=""/></div><div class="box__category-name"><div class="box__category-name-inner"><span class="category_name">장류/양념</span></div></div></a></li><li class="list-item"><a href="best@categoryCode=100001036.html"><div class="img_sec"><img data-src="https://image.gmarket.co.kr/hanbando/202207/a5b62bcd-46b5-4059-bb1b-e01878b77ef4.jpg" class="swiper-lazy" alt=""/></div><div class="box__category-name"><div class="box__category-name-inner"><span class="category_name">화장지/위생</span></div></div></a></li></ul></div><div class="swiper-slide"><ul class="category_slide" aria-label="스마일프레시 베스트 메뉴"><li class="list-item"><a href="best@categoryCode=100001037.html"><div class="img_sec"><img data-src="https://image.gmarket.co.kr/hanbando/202207/c5b6a09a-4955-4829-94d6-c62f818f2f34.jpg" class="swiper-lazy" alt=""/></div><div class="box__category-name"><div class="box__category-name-inner"><span class="category_name">커피/차</span></div></div></a></li><li class="list-item"><a href="best@categoryCode=100001038.html"><div class="img_sec"><img data-src="https://image.gmarket.co.kr/hanbando/202207/23143aa7-715d-4778-8b1e-ab87422a8d3a.jpg" class="swiper-lazy" alt=""/></div><div class="box__category-name"><div class="box__category-name-inner"><span class="category_name">수산물</span></div></div></a></li><li class="list-item"><a href="best@categoryCode=100001039.html"><div class="img_sec"><img data-src="https://image.gmarket.co.kr/hanbando/202207/85d41348-f077-4b90-b0ff-3599d16216b2.jpg" class="swiper-lazy" alt=""/></div><div class="box__category-name"><div class="box__category-name-inner"><span class="category_name">밀키트/반찬</span></div></div></a></li><li class="list-item"><a href="best@categoryCode=100002000.html"><div class="img_sec"><img data-src="https://image.gmarket.co.kr/hanbando/202208/ea1ecb73-6a2c-45f7-8a89-2e130b634a99.jpg" class="swiper-lazy" alt=""/></div><div class="box__category-name"><div class="box__category-name-inner"><span class="category_name">베이커리/잼</span></div></div></a></li><li class="list-item"><a href="best@categoryCode=100002001.html"><div class="img_sec"><img data-src="https://image.gmarket.co.kr/hanbando/202208/7088de74-301b-48ef-911c-f33ed6a22f9b.jpg" class="swiper-lazy" alt=""/></div><div class="box__category-name"><div class="box__category-name-inner"><span class="category_name">건강식품</span></div></div></a></li><li class="list-item list-item--active"><a aria-current="page" href="best@categoryCode=100002002.html"><div class="img_sec"><img data-src="https://image.gmarket.co.kr/hanbando/202208/39888525-4f61-453f-865c-83b6ca536b58.jpg" class="swiper-lazy" alt=""/></div><div class="box__category-name"><div class="box__category-name-inner"><span class="category_name">세탁/청소/욕실용품</span></div></div></a></li><li class="list-item"><a href="best@categoryCode=100002003.html"><div class="img_sec"><img data-src="https://image.gmarket.co.kr/hanbando/202208/a9484e1d-492e-4ab4-84db-1a387177dcbf.jpg" class="swiper-lazy" alt=""/></div><div class="box__category-name"><div class="box__category-name-inner"><span class="category_name">리빙</span></div></div></a></li><li class="list-item"><a href="best@categoryCode=100002004.html"><div class="img_sec"><img data-src="https://image.gmarket.co.kr/hanbando/202208/e0d7614a-763e-4d90-b696-b20c76e890ca.jpg" class="swiper-lazy" alt=""/></div><div class="box__category-name"><div class="box__category-name-inner"><span class="category_name">주방/일회용품</span></div></div></a></li><li class="list-item"><a href="best@categoryCode=100002005.html"><div class="img_sec"><img data-src="https://image.gmarket.co.kr/hanbando/202208/231a3b36-5d05-467d-a33a-8651b9cf19c6.jpg" class="swiper-lazy" alt=""/></div><div class="box__category-name"><div class="box__category-name-inner"><span class="category_name">생활잡화/공구</span></div></div></a></li><li class="list-item"><a href="best@categoryCode=100002006.html"><div class="img_sec"><img data-src="https://image.gmarket.co.kr/hanbando/202208/692a0b18-2063-4f86-a0af-3f7bbee09696.jpg" class="swiper-lazy" alt=""/></div><div class="box__category-name"><div class="box__category-name-inner"><span class="category_name">반려동물</span></div></div></a></li><li class="list-item"><a href="best@categoryCode=100002007.html"><div class="img_sec"><img data-src="https://image.gmarket.co.kr/hanbando/202208/ba755a2e-4a11-472c-92f0-6b82f671b1f8.jpg" class="swiper-lazy" alt=""/></div><div class="box__category-name"><div class="box__category-name-inner"><span class="category_name">뷰티</span></div></div></a></li><li class="list-item"><a href="best@categoryCode=100002008.html"><div class="img_sec"><img data-src="https://image.gmarket.co.kr/hanbando/202208/fd6fb0fe-4f81-48ea-bec2-5cc37db6fa18.jpg" class="swiper-lazy" alt=""/></div><div class="box__category-name"><div class="box__category-name-inner"><span class="category_name">유아동/출산/완구</span></div></div></a></li></ul></div><div class="swiper-slide"><ul class="category_slide" aria-label="스마일프레시 베스트 메뉴"><li class="list-item"><a href="best@categoryCode=100002009.html"><div class="img_sec"><img data-src="https://image.gmarket.co.kr/hanbando/202208/315ccf35-b333-4017-b664-ccb1ba966ef0.jpg" class="swiper-lazy" alt=""/></div><div class="box__category-name"><div class="box__category-name-inner"><span class="category_name">패션/언더웨어</span></div></div></a></li><li class="list-item"><a href="best@categoryCode=100002010.html"><div class="img_sec"><img data-src="https://image.gmarket.co.kr/hanbando/202208/30fc0d1d-ea15-4e02-8f50-f144d06423ca.jpg" class="swiper-lazy" alt=""/></div><div class="box__category-name"><div class="box__category-name-inner"><span class="category_name">잡화/슈즈/명품</span></div></div></a></li><li class="list-item"><a href="best@categoryCode=100002011.html"><div class="img_sec"><img data-src="https://image.gmarket.co.kr/hanbando/202208/fa99b668-5f13-496e-a62d-dce329ead7cc.jpg" class="swiper-lazy" alt=""/></div><div class="box__category-name"><div class="box__category-name-inner"><span class="category_name">스포츠/레저/자동차</span></div></div></a></li><li class="list-item"><a href="best@categoryCode=100002012.html"><div class="img_sec"><img data-src="https://image.gmarket.co.kr/hanbando/202208/f38a6d26-1cc0-4b33-bf23-f933c2190252.jpg" class="swiper-lazy" alt=""/></div><div class="box__category-name"><div class="box__category-name-inner"><span class="category_name">디지털/가전</span></div></div></a></li><li class="list-item"><a href="best@categoryCode=100002013.html"><div class="img_sec"><img data-src="https://image.gmarket.co.kr/hanbando/202208/edd14751-f54a-48ff-ae9a-15a33b10c06c.jpg" class="swiper-lazy" alt=""/></div><div class="box__category-name"><div class="box__category-name-inner"><span class="category_name">문구/취미/도서</span></div></div></a></li><li class="list-item"><a href="best.html"><div class="img_sec"><img data-src="//pics.gmarket.co.kr/pc/single/kr/smilefresh/image__category-all.png" class="swiper-lazy" alt=""/></div><div class="box__category-name"><div class="box__category-name-inner"><span class="category_name">전체</span></div></div></a></li><li class="list-item"><a href="best@categoryCode=100000000.html"><div class="img_sec"><img data-src="https://image.gmarket.co.kr/hanbando/202209/2f7e5c38-9606-4f1a-912e-f969e22f430f.jpg" class="swiper-lazy" alt=""/></div><div class="box__category-name"><div class="box__category-name-inner"><span class="category_name">정육/계란</span></div></div></a></li><li class="list-item"><a href="best@categoryCode=100001005.html"><div class="img_sec"><img data-src="https://image.gmarket.co.kr/hanbando/202207/efc9fa9b-b4d8-4eb4-b44d-dc8a47a8c00a.jpg" class="swiper-lazy" alt=""/></div><div class="box__category-name"><div class="box__category-name-inner"><span class="category_name">과일</span></div></div></a></li><li class="list-item"><a href="best@categoryCode=100001006.html"><div class="img_sec"><img data-src="https://image.gmarket.co.kr/hanbando/202207/287cdcc7-47f4-4949-8cdf-2bfb4ff5522e.jpg" class="swiper-lazy" alt=""/></div><div class="box__category-name"><div class="box__category-name-inner"><span class="category_name">냉동/간편식</span></div></div></a></li><li class="list-item"><a href="best@categoryCode=100001007.html"><div class="img_sec"><img data-src="https://image.gmarket.co.kr/hanbando/202207/92c7e264-61a8-4e11-ab2b-d3ad8a7b3ab6.jpg" class="swiper-lazy" alt=""/></div><div class="box__category-name"><div class="box__category-name-inner"><span class="category_name">쌀/잡곡</span></div></div></a></li><li class="list-item"><a href="best@categoryCode=100001008.html"><div class="img_sec"><img data-src="https://image.gmarket.co.kr/hanbando/202209/eb8b0652-724b-465a-800a-49436a3f5435.jpg" class="swiper-lazy" alt=""/></div><div class="box__category-name"><div class="box__category-name-inner"><span class="category_name">채소/두부</span></div></div></a></li><li class="list-item"><a href="best@categoryCode=100001010.html"><div class="img_sec"><img data-src="https://image.gmarket.co.kr/hanbando/202207/9ac23369-57e8-4299-889a-4f5360cd3c28.jpg" class="swiper-lazy" alt=""/></div><div class="box__category-name"><div class="box__category-name-inner"><span class="category_name">라면/즉석식품</span></div></div></a></li></ul></div><div class="swiper-slide"><ul class="category_slide" aria-label="스마일프레시 베스트 메뉴"><li class="list-item"><a href="best@categoryCode=100001032.html"><div class="img_sec"><img data-src="https://image.gmarket.co.kr/hanbando/202207/a28bdf02-b436-4466-88de-d8f11ca54296.jpg" class="swiper-lazy" alt=""/></div><div class="box__category-name"><div class="box__category-name-inner"><span class="category_name">생수/음료</span></div></div></a></li><li class="list-item"><a href="best@categoryCode=100001033.html"><div class="img_sec"><img data-src="https://image.gmarket.co.kr/hanbando/202207/fd43d2b2-4f77-4e2c-b5da-58d24b91d95b.jpg" class="swiper-lazy" alt=""/></div><div class="box__category-name"><div class="box__category-name-inner"><span class="category_name">과자/아이스크림</span></div></div></a></li><li class="list-item"><a href="best@categoryCode=100001034.html"><div class="img_sec"><img data-src="https://image.gmarket.co.kr/hanbando/202207/f5f1f7ed-e6a5-4ecd-ac66-aa87756158c2.jpg" class="swiper-lazy" alt=""/></div><div class="box__category-name"><div class="box__category-name-inner"><span class="category_name">우유/유제품</span></div></div></a></li><li class="list-item"><a href="best@categoryCode=100001035.html"><div class="img_sec"><img data-src="https://image.gmarket.co.kr/hanbando/202207/089a0e40-92de-4a0e-a8cb-2a18f78c5691.jpg" class="swiper-lazy" alt=""/></div><div class="box__category-name"><div class="box__category-name-inner"><span class="category_name">장류/양념</span></div></div></a></li><li class="list-item"><a href="best@categoryCode=100001036.html"><div class="img_sec"><img data-src="https://image.gmarket.co.kr/hanbando/202207/a5b62bcd-46b5-4059-bb1b-e01878b77ef4.jpg" class="swiper-lazy" alt=""/></div><div class="box__category-name"><div class="box__category-name-inner"><span class="category_name">화장지/위생</span></div></div></a></li><li class="list-item"><a href="best@categoryCode=100001037.html"><div class="img_sec"><img data-src="https://image.gmarket.co.kr/hanbando/202207/c5b6a09a-4955-4829-94d6-c62f818f2f34.jpg" class="swiper-lazy" alt=""/></div><div class="box__category-name"><div class="box__category-name-inner"><span class="category_name">커피/차</span></div></div></a></li><li class="list-item"><a href="best@categoryCode=100001038.html"><div class="img_sec"><img data-src="https://image.gmarket.co.kr/hanbando/202207/23143aa7-715d-4778-8b1e-ab87422a8d3a.jpg" class="swiper-lazy" alt=""/></div><div class="box__category-name"><div class="box__category-name-inner"><span class="category_name">수산물</span></div></div></a></li><li class="list-item"><a href="best@categoryCode=100001039.html"><div class="img_sec"><img data-src="https://image.gmarket.co.kr/hanbando/202207/85d41348-f077-4b90-b0ff-3599d16216b2.jpg" class="swiper-lazy" alt=""/></div><div class="box__category-name"><div class="box__category-name-inner"><span class="category_name">밀키트/반찬</span></div></div></a></li><li class="list-item"><a href="best@categoryCode=100002000.html"><div class="img_sec"><img data-src="https://image.gmarket.co.kr/hanbando/202208/ea1ecb73-6a2c-45f7-8a89-2e130b634a99.jpg" class="swiper-lazy" alt=""/></div><div class="box__category-name"><div class="box__category-name-inner"><span class="category_name">베이커리/잼</span></div></div></a></li><li class="list-item"><a href="best@categoryCode=100002001.html"><div class="img_sec"><img data-src="https://image.gmarket.co.kr/hanbando/202208/7088de74-301b-48ef-911c-f33ed6a22f9b.jpg" class="swiper-lazy" alt=""/></div><div class="box__category-name"><div class="box__category-name-inner"><span class="category_name">건강식품</span></div></div></a></li><li class="list-item list-item--active"><a aria-current="page" href="best@categoryCode=100002002.html"><div class="img_sec"><img data-src="https://image.gmarket.co.kr/hanbando/202208/39888525-4f61-453f-865c-83b6ca536b58.jpg" class="swiper-lazy" alt=""/></div><div class="box__category-name"><div class="box__category-name-inner"><span class="category_name">세탁/청소/욕실용품</span></div></div></a></li><li class="list-item"><a href="best@categoryCode=100002003.html"><div class="img_sec"><img data-src="https://image.gmarket.co.kr/hanbando/202208/a9484e1d-492e-4ab4-84db-1a387177dcbf.jpg" class="swiper-lazy" alt=""/></div><div class="box__category-name"><div class="box__category-name-inner"><span class="category_name">리빙</span></div></div></a></li></ul></div><div class="swiper-slide"><ul class="category_slide" aria-label="스마일프레시 베스트 메뉴"><li class="list-item"><a href="best@categoryCode=100002004.html"><div class="img_sec"><img data-src="https://image.gmarket.co.kr/hanbando/202208/e0d7614a-763e-4d90-b696-b20c76e890ca.jpg" class="swiper-lazy" alt=""/></div><div class="box__category-name"><div class="box__category-name-inner"><span class="category_name">주방/일회용품</span></div></div></a></li><li class="list-item"><a href="best@categoryCode=100002005.html"><div class="img_sec"><img data-src="https://image.gmarket.co.kr/hanbando/202208/231a3b36-5d05-467d-a33a-8651b9cf19c6.jpg" class="swiper-lazy" alt=""/></div><div class="box__category-name"><div class="box__category-name-inner"><span class="category_name">생활잡화/공구</span></div></div></a></li><li class="list-item"><a href="best@categoryCode=100002006.html"><div class="img_sec"><img data-src="https://image.gmarket.co.kr/hanbando/202208/692a0b18-2063-4f86-a0af-3f7bbee09696.jpg" class="swiper-lazy" alt=""/></div><div class="box__category-name"><div class="box__category-name-inner"><span class="category_name">반려동물</span></div></div></a></li><li class="list-item"><a href="best@categoryCode=100002007.html"><div class="img_sec"><img data-src="https://image.gmarket.co.kr/hanbando/202208/ba755a2e-4a11-472c-92f0-6b82f671b1f8.jpg" class="swiper-lazy" alt=""/></div><div class="box__category-name"><div class="box__category-name-inner"><span class="category_name">뷰티</span></div></div></a></li><li class="list-item"><a href="best@categoryCode=100002008.html"><div class="img_sec"><img data-src="https://image.gmarket.co.kr/hanbando/202208/fd6fb0fe-4f81-48ea-bec2-5cc37db6fa18.jpg" class="swiper-lazy" alt=""/></div><div class="box__category-name"><div class="box__category-name-inner"><span class="category_name">유아동/출산/완구</span></div></div></a></li><li class="list-item"><a href="best@categoryCode=100002009.html"><div class="img_sec"><img data-src="https://image.gmarket.co.kr/hanbando/202208/315ccf35-b333-4017-b664-ccb1ba966ef0.jpg" class="swiper-lazy" alt=""/></div><div class="box__category-name"><div class="box__category-name-inner"><span class="category_name">패션/언더웨어</span></div></div></a></li><li class="list-item"><a href="best@categoryCode=100002010.html"><div class="img_sec"><img data-src="https://image.gmarket.co.kr/hanbando/202208/30fc0d1d-ea15-4e02-8f50-f144d06423ca.jpg" class="swiper-lazy" alt=""/></div><div class="box__category-name"><div class="box__category-name-inner"><span class="category_name">잡화/슈즈/명품</span></div></div></a></li><li class="list-item"><a href="best@categoryCode=100002011.html"><div class="img_sec"><img data-src="https://image.gmarket.co.kr/hanbando/202208/fa99b668-5f13-496e-a62d-dce329ead7cc.jpg" class="swiper-lazy" alt=""/></div><div class="box__category-name"><div class="box__category-name-inner"><span class="category_name">스포츠/레저/자동차</span></div></div></a></li><li class="list-item"><a href="best@categoryCode=100002012.html"><div class="img_sec"><img data-src="https://image.gmarket.co.kr/hanbando/202208/f38a6d26-1cc0-4b33-bf23-f933c2190252.jpg" class="swiper-lazy" alt=""/></div><div class="box__category-name"><div class="box__category-name-inner"><span class="category_name">디지털/가전</span></div></div></a></li><li class="list-item"><a href="best@categoryCode=100002013.html"><div class="img_sec"><img data-src="https://image.gmarket.co.kr/hanbando/202208/edd14751-f54a-48ff-ae9a-15a33b10c06c.jpg" class="swiper-lazy" alt=""/></div><div class="box__category-name"><div class="box__category-name-inner"><span class="category_name">문구/취미/도서</span></div></div></a></li><li class="list-item"><a href="best.html"><div class="img_sec"><img data-src="//pics.gmarket.co.kr/pc/single/kr/smilefresh/image__category-all.png" class="swiper-lazy" alt=""/></div><div class="box__category-name"><div class="box__category-name-inner"><span class="category_name">전체</span></div></div></a></li><li class="list-item"><a href="best@categoryCode=100000000.html"><div class="img_sec"><img data-src="https://image.gmarket.co.kr/hanbando/202209/2f7e5c38-9606-4f1a-912e-f969e22f430f.jpg" class="swiper-lazy" alt=""/></div><div class="box__category-name"><div class="box__category-name-inner"><span class="category_name">정육/계란</span></div></div></a></li></ul></div><div class="swiper-slide"><ul class="category_slide" aria-label="스마일프레시 베스트 메뉴"><li class="list-item"><a href="best@categoryCode=100001005.html"><div class="img_sec"><img data-src="https://image.gmarket.co.kr/hanbando/202207/efc9fa9b-b4d8-4eb4-b44d-dc8a47a8c00a.jpg" class="swiper-lazy" alt=""/></div><div class="box__category-name"><div class="box__category-name-inner"><span class="category_name">과일</span></div></div></a></li><li class="list-item"><a href="best@categoryCode=100001006.html"><div class="img_sec"><img data-src="https://image.gmarket.co.kr/hanbando/202207/287cdcc7-47f4-4949-8cdf-2bfb4ff5522e.jpg" class="swiper-lazy" alt=""/></div><div class="box__category-name"><div class="box__category-name-inner"><span class="category_name">냉동/간편식</span></div></div></a></li><li class="list-item"><a href="best@categoryCode=100001007.html"><div class="img_sec"><img data-src="https://image.gmarket.co.kr/hanbando/202207/92c7e264-61a8-4e11-ab2b-d3ad8a7b3ab6.jpg" class="swiper-lazy" alt=""/></div><div class="box__category-name"><div class="box__category-name-inner"><span class="category_name">쌀/잡곡</span></div></div></a></li><li class="list-item"><a href="best@categoryCode=100001008.html"><div class="img_sec"><img data-src="https://image.gmarket.co.kr/hanbando/202209/eb8b0652-724b-465a-800a-49436a3f5435.jpg" class="swiper-lazy" alt=""/></div><div class="box__category-name"><div class="box__category-name-inner"><span class="category_name">채소/두부</span></div></div></a></li><li class="list-item"><a href="best@categoryCode=100001010.html"><div class="img_sec"><img data-src="https://image.gmarket.co.kr/hanbando/202207/9ac23369-57e8-4299-889a-4f5360cd3c28.jpg" class="swiper-lazy" alt=""/></div><div class="box__category-name"><div class="box__category-name-inner"><span class="category_name">라면/즉석식품</span></div></div></a></li><li class="list-item"><a href="best@categoryCode=100001032.html"><div class="img_sec"><img data-src="https://image.gmarket.co.kr/hanbando/202207/a28bdf02-b436-4466-88de-d8f11ca54296.jpg" class="swiper-lazy" alt=""/></div><div class="box__category-name"><div class="box__category-name-inner"><span class="category_name">생수/음료</span></div></div></a></li><li class="list-item"><a href="best@categoryCode=100001033.html"><div class="img_sec"><img data-src="https://image.gmarket.co.kr/hanbando/202207/fd43d2b2-4f77-4e2c-b5da-58d24b91d95b.jpg" class="swiper-lazy" alt=""/></div><div class="box__category-name"><div class="box__category-name-inner"><span class="category_name">과자/아이스크림</span></div></div></a></li><li class="list-item"><a href="best@categoryCode=100001034.html"><div class="img_sec"><img data-src="https://image.gmarket.co.kr/hanbando/202207/f5f1f7ed-e6a5-4ecd-ac66-aa87756158c2.jpg" class="swiper-lazy" alt=""/></div><div class="box__category-name"><div class="box__category-name-inner"><span class="category_name">우유/유제품</span></div></div></a></li><li class="list-item"><a href="best@categoryCode=100001035.html"><div class="img_sec"><img data-src="https://image.gmarket.co.kr/hanbando/202207/089a0e40-92de-4a0e-a8cb-2a18f78c5691.jpg" class="swiper-lazy" alt=""/></div><div class="box__category-name"><div class="box__category-name-inner"><span class="category_name">장류/양념</span></div></div></a></li><li class="list-item"><a href="best@categoryCode=100001036.html"><div class="img_sec"><img data-src="https://image.gmarket.co.kr/hanbando/202207/a5b62bcd-46b5-4059-bb1b-e01878b77ef4.jpg" class="swiper-lazy" alt=""/></div><div class="box__category-name"><div class="box__category-name-inner"><span class="category_name">화장지/위생</span></div></div></a></li><li class="list-item"><a href="best@categoryCode=100001037.html"><div class="img_sec"><img data-src="https://image.gmarket.co.kr/hanbando/202207/c5b6a09a-4955-4829-94d6-c62f818f2f34.jpg" class="swiper-lazy" alt=""/></div><div class="box__category-name"><div class="box__category-name-inner"><span class="category_name">커피/차</span></div></div></a></li><li class="list-item"><a href="best@categoryCode=100001038.html"><div class="img_sec"><img data-src="https://image.gmarket.co.kr/hanbando/202207/23143aa7-715d-4778-8b1e-ab87422a8d3a.jpg" class="swiper-lazy" alt=""/></div><div class="box__category-name"><div class="box__category-name-inner"><span class="category_name">수산물</span></div></div></a></li></ul></div><div class="swiper-slide"><ul class="category_slide" aria-label="스마일프레시 베스트 메뉴"><li class="list-item"><a href="best@categoryCode=100001039.html"><div class="img_sec"><img data-src="https://image.gmarket.co.kr/hanbando/202207/85d41348-f077-4b90-b0ff-3599d16216b2.jpg" class="swiper-lazy" alt=""/></div><div class="box__category-name"><div class="box__category-name-inner"><span class="category_name">밀키트/반찬</span></div></div></a></li><li class="list-item"><a href="best@categoryCode=100002000.html"><div class="img_sec"><img data-src="https://image.gmarket.co.kr/hanbando/202208/ea1ecb73-6a2c-45f7-8a89-2e130b634a99.jpg" class="swiper-lazy" alt=""/></div><div class="box__category-name"><div class="box__category-name-inner"><span class="category_name">베이커리/잼</span></div></div></a></li><li class="list-item"><a href="best@categoryCode=100002001.html"><div class="img_sec"><img data-src="https://image.gmarket.co.kr/hanbando/202208/7088de74-301b-48ef-911c-f33ed6a22f9b.jpg" class="swiper-lazy" alt=""/></div><div class="box__category-name"><div class="box__category-name-inner"><span class="category_name">건강식품</span></div></div></a></li><li class="list-item list-item--active"><a aria-current="page" href="best@categoryCode=100002002.html"><div class="img_sec"><img data-src="https://image.gmarket.co.kr/hanbando/202208/39888525-4f61-453f-865c-83b6ca536b58.jpg" class="swiper-lazy" alt=""/></div><div class="box__category-name"><div class="box__category-name-inner"><span class="category_name">세탁/청소/욕실용품</span></div></div></a></li><li class="list-item"><a href="best@categoryCode=100002003.html"><div class="img_sec"><img data-src="https://image.gmarket.co.kr/hanbando/202208/a9484e1d-492e-4ab4-84db-1a387177dcbf.jpg" class="swiper-lazy" alt=""/></div><div class="box__category-name"><div class="box__category-name-inner"><span class="category_name">리빙</span></div></div></a></li><li class="list-item"><a href="best@categoryCode=100002004.html"><div class="img_sec"><img data-src="https://image.gmarket.co.kr/hanbando/202208/e0d7614a-763e-4d90-b696-b20c76e890ca.jpg" class="swiper-lazy" alt=""/></div><div class="box__category-name"><div class="box__category-name-inner"><span class="category_name">주방/일회용품</span></div></div></a></li><li class="list-item"><a href="best@categoryCode=100002005.html"><div class="img_sec"><img data-src="https://image.gmarket.co.kr/hanbando/202208/231a3b36-5d05-467d-a33a-8651b9cf19c6.jpg" class="swiper-lazy" alt=""/></div><div class="box__category-name"><div class="box__category-name-inner"><span class="category_name">생활잡화/공구</span></div></div></a></li><li class="list-item"><a href="best@categoryCode=100002006.html"><div class="img_sec"><img data-src="https://image.gmarket.co.kr/hanbando/202208/692a0b18-2063-4f86-a0af-3f7bbee09696.jpg" class="swiper-lazy" alt=""/></div><div class="box__category-name"><div class="box__category-name-inner"><span class="category_name">반려동물</span></div></div></a></li><li class="list-item"><a href="best@categoryCode=100002007.html"><div class="img_sec"><img data-src="https://image.gmarket.co.kr/hanbando/202208/ba755a2e-4a11-472c-92f0-6b82f671b1f8.jpg" class="swiper-lazy" alt=""/></div><div class="box__category-name"><div class="box__category-name-inner"><span class="category_name">뷰티</span></div></div></a></li><li class="list-item"><a href="best@categoryCode=100002008.html"><div class="img_sec"><img data-src="https://image.gmarket.co.kr/hanbando/202208/fd6fb0fe-4f81-48ea-bec2-5cc37db6fa18.jpg" class="swiper-lazy" alt=""/></div><div class="box__category-name"><div class="box__category-name-inner"><span class="category_name">유아동/출산/완구</span></div></div></a></li><li class="list-item"><a href="best@categoryCode=100002009.html"><div class="img_sec"><img data-src="https://image.gmarket.co.kr/hanbando/202208/315ccf35-b333-4017-b664-ccb1ba966ef0.jpg" class="swiper-lazy" alt=""/></div><div class="box__category-name"><div class="box__category-name-inner"><span class="category_name">패션/언더웨어</span></div></div></a></li><li class="list-item"><a href="best@categoryCode=100002010.html"><div class="img_sec"><img data-src="https://image.gmarket.co.kr/hanbando/202208/30fc0d1d-ea15-4e02-8f50-f144d06423ca.jpg" class="swiper-lazy" alt=""/></div><div class="box__category-name"><div class="box__category-name-inner"><span class="category_name">잡화/슈즈/명품</span></div></div></a></li></ul></div><div class="swiper-slide"><ul class="category_slide" aria-label="스마일프레시 베스트 메뉴"><li class="list-item"><a href="best@categoryCode=100002011.html"><div class="img_sec"><img data-src="https://image.gmarket.co.kr/hanbando/202208/fa99b668-5f13-496e-a62d-dce329ead7cc.jpg" class="swiper-lazy" alt=""/></div><div class="box__category-name"><div class="box__category-name-inner"><span class="category_name">스포츠/레저/자동차</span></div></div></a></li><li class="list-item"><a href="best@categoryCode=100002012.html"><div class="img_sec"><img data-src="https://image.gmarket.co.kr/hanbando/202208/f38a6d26-1cc0-4b33-bf23-f933c2190252.jpg" class="swiper-lazy" alt=""/></div><div class="box__category-name"><div class="box__category-name-inner"><span class="category_name">디지털/가전</span></div></div></a></li><li class="list-item"><a href="best@categoryCode=100002013.html"><div class="img_sec"><img data-src="https://image.gmarket.co.kr/hanbando/202208/edd14751-f54a-48ff-ae9a-15a33b10c06c.jpg" class="swiper-lazy" alt=""/></div><div class="box__category-name"><div class="box__category-name-inner"><span class="category_name">문구/취미/도서</span></div></div></a></li><li class="list-item"><a href="best.html"><div class="img_sec"><img data-src="//pics.gmarket.co.kr/pc/single/kr/smilefresh/image__category-all.png" class="swiper-lazy" alt=""/></div><div class="box__category-name"><div class="box__category-name-inner"><span class="category_name">전체</span></div></div></a></li><li class="list-item"><a href="best@categoryCode=100000000.html"><div class="img_sec"><img data-src="https://image.gmarket.co.kr/hanbando/202209/2f7e5c38-9606-4f1a-912e-f969e22f430f.jpg" class="swiper-lazy" alt=""/></div><div class="box__category-name"><div class="box__category-name-inner"><span class="category_name">정육/계란</span></div></div></a></li><li class="list-item"><a href="best@categoryCode=100001005.html"><div class="img_sec"><img data-src="https://image.gmarket.co.kr/hanbando/202207/efc9fa9b-b4d8-4eb4-b44d-dc8a47a8c00a.jpg" class="swiper-lazy" alt=""/></div><div class="box__category-name"><div class="box__category-name-inner"><span class="category_name">과일</span></div></div></a></li><li class="list-item"><a href="best@categoryCode=100001006.html"><div class="img_sec"><img data-src="https://image.gmarket.co.kr/hanbando/202207/287cdcc7-47f4-4949-8cdf-2bfb4ff5522e.jpg" class="swiper-lazy" alt=""/></div><div class="box__category-name"><div class="box__category-name-inner"><span class="category_name">냉동/간편식</span></div></div></a></li><li class="list-item"><a href="best@categoryCode=100001007.html"><div class="img_sec"><img data-src="https://image.gmarket.co.kr/hanbando/202207/92c7e264-61a8-4e11-ab2b-d3ad8a7b3ab6.jpg" class="swiper-lazy" alt=""/></div><div class="box__category-name"><div class="box__category-name-inner"><span class="category_name">쌀/잡곡</span></div></div></a></li><li class="list-item"><a href="best@categoryCode=100001008.html"><div class="img_sec"><img data-src="https://image.gmarket.co.kr/hanbando/202209/eb8b0652-724b-465a-800a-49436a3f5435.jpg" class="swiper-lazy" alt=""/></div><div class="box__category-name"><div class="box__category-name-inner"><span class="category_name">채소/두부</span></div></div></a></li><li class="list-item"><a href="best@categoryCode=100001010.html"><div class="img_sec"><img data-src="https://image.gmarket.co.kr/hanbando/202207/9ac23369-57e8-4299-889a-4f5360cd3c28.jpg" class="swiper-lazy" alt=""/></div><div class="box__category-name"><div class="box__category-name-inner"><span class="category_name">라면/즉석식품</span></div></div></a></li><li class="list-item"><a href="best@categoryCode=100001032.html"><div class="img_sec"><img data-src="https://image.gmarket.co.kr/hanbando/202207/a28bdf02-b436-4466-88de-d8f11ca54296.jpg" class="swiper-lazy" alt=""/></div><div class="box__category-name"><div class="box__category-name-inner"><span class="category_name">생수/음료</span></div></div></a></li><li class="list-item"><a href="best@categoryCode=100001033.html"><div class="img_sec"><img data-src="https://image.gmarket.co.kr/hanbando/202207/fd43d2b2-4f77-4e2c-b5da-58d24b91d95b.jpg" class="swiper-lazy" alt=""/></div><div class="box__category-name"><div class="box__category-name-inner"><span class="category_name">과자/아이스크림</span></div></div></a></li></ul></div><div class="swiper-slide"><ul class="category_slide" aria-label="스마일프레시 베스트 메뉴"><li class="list-item"><a href="best@categoryCode=100001034.html"><div class="img_sec"><img data-src="https://image.gmarket.co.kr/hanbando/202207/f5f1f7ed-e6a5-4ecd-ac66-aa87756158c2.jpg" class="swiper-lazy" alt=""/></div><div class="box__category-name"><div class="box__category-name-inner"><span class="category_name">우유/유제품</span></div></div></a></li><li class="list-item"><a href="best@categoryCode=100001035.html"><div class="img_sec"><img data-src="https://image.gmarket.co.kr/hanbando/202207/089a0e40-92de-4a0e-a8cb-2a18f78c5691.jpg" class="swiper-lazy" alt=""/></div><div class="box__category-name"><div class="box__category-name-inner"><span class="category_name">장류/양념</span></div></div></a></li><li class="list-item"><a href="best@categoryCode=100001036.html"><div class="img_sec"><img data-src="https://image.gmarket.co.kr/hanbando/202207/a5b62bcd-46b5-4059-bb1b-e01878b77ef4.jpg" class="swiper-lazy" alt=""/></div><div class="box__category-name"><div class="box__category-name-inner"><span class="category_name">화장지/위생</span></div></div></a></li><li class="list-item"><a href="best@categoryCode=100001037.html"><div class="img_sec"><img data-src="https://image.gmarket.co.kr/hanbando/202207/c5b6a09a-4955-4829-94d6-c62f818f2f34.jpg" class="swiper-lazy" alt=""/></div><div class="box__category-name"><div class="box__category-name-inner"><span class="category_name">커피/차</span></div></div></a></li><li class="list-item"><a href="best@categoryCode=100001038.html"><div class="img_sec"><img data-src="https://image.gmarket.co.kr/hanbando/202207/23143aa7-715d-4778-8b1e-ab87422a8d3a.jpg" class="swiper-lazy" alt=""/></div><div class="box__category-name"><div class="box__category-name-inner"><span class="category_name">수산물</span></div></div></a></li><li class="list-item"><a href="best@categoryCode=100001039.html"><div class="img_sec"><img data-src="https://image.gmarket.co.kr/hanbando/202207/85d41348-f077-4b90-b0ff-3599d16216b2.jpg" class="swiper-lazy" alt=""/></div><div class="box__category-name"><div class="box__category-name-inner"><span class="category_name">밀키트/반찬</span></div></div></a></li><li class="list-item"><a href="best@categoryCode=100002000.html"><div class="img_sec"><img data-src="https://image.gmarket.co.kr/hanbando/202208/ea1ecb73-6a2c-45f7-8a89-2e130b634a99.jpg" class="swiper-lazy" alt=""/></div><div class="box__category-name"><div class="box__category-name-inner"><span class="category_name">베이커리/잼</span></div></div></a></li><li class="list-item"><a href="best@categoryCode=100002001.html"><div class="img_sec"><img data-src="https://image.gmarket.co.kr/hanbando/202208/7088de74-301b-48ef-911c-f33ed6a22f9b.jpg" class="swiper-lazy" alt=""/></div><div class="box__category-name"><div class="box__category-name-inner"><span class="category_name">건강식품</span></div></div></a></li><li class="list-item list-item--active"><a aria-current="page" href="best@categoryCode=100002002.html"><div class="img_sec"><img data-src="https://image.gmarket.co.kr/hanbando/202208/39888525-4f61-453f-865c-83b6ca536b58.jpg" class="swiper-lazy" alt=""/></div><div class="box__category-name"><div class="box__category-name-inner"><span class="category_name">세탁/청소/욕실용품</span></div></div></a></li><li class="list-item"><a href="best@categoryCode=100002003.html"><div class="img_sec"><img data-src="https://image.gmarket.co.kr/hanbando/202208/a9484e1d-492e-4ab4-84db-1a387177dcbf.jpg" class="swiper-lazy" alt=""/></div><div class="box__category-name"><div class="box__category-name-inner"><span class="category_name">리빙</span></div></div></a></li><li class="list-item"><a href="best@categoryCode=100002004.html"><div class="img_sec"><img data-src="https://image.gmarket.co.kr/hanbando/202208/e0d7614a-763e-4d90-b696-b20c76e890ca.jpg" class="swiper-lazy" alt=""/></div><div class="box__category-name"><div class="box__category-name-inner"><span class="category_name">주방/일회용품</span></div></div></a></li><li class="list-item"><a href="best@categoryCode=100002005.html"><div class="img_sec"><img data-src="https://image.gmarket.co.kr/hanbando/202208/231a3b36-5d05-467d-a33a-8651b9cf19c6.jpg" class="swiper-lazy" alt=""/></div><div class="box__category-name"><div class="box__category-name-inner"><span class="category_name">생활잡화/공구</span></div></div></a></li></ul></div><div class="swiper-slide"><ul class="category_slide" aria-label="스마일프레시 베스트 메뉴"><li class="list-item"><a href="best@categoryCode=100002006.html"><div class="img_sec"><img data-src="https://image.gmarket.co.kr/hanbando/202208/692a0b18-2063-4f86-a0af-3f7bbee09696.jpg" class="swiper-lazy" alt=""/></div><div class="box__category-name"><div class="box__category-name-inner"><span class="category_name">반려동물</span></div></div></a></li><li class="list-item"><a href="best@categoryCode=100002007.html"><div class="img_sec"><img data-src="https://image.gmarket.co.kr/hanbando/202208/ba755a2e-4a11-472c-92f0-6b82f671b1f8.jpg" class="swiper-lazy" alt=""/></div><div class="box__category-name"><div class="box__category-name-inner"><span class="category_name">뷰티</span></div></div></a></li><li class="list-item"><a href="best@categoryCode=100002008.html"><div class="img_sec"><img data-src="https://image.gmarket.co.kr/hanbando/202208/fd6fb0fe-4f81-48ea-bec2-5cc37db6fa18.jpg" class="swiper-lazy" alt=""/></div><div class="box__category-name"><div class="box__category-name-inner"><span class="category_name">유아동/출산/완구</span></div></div></a></li><li class="list-item"><a href="best@categoryCode=100002009.html"><div class="img_sec"><img data-src="https://image.gmarket.co.kr/hanbando/202208/315ccf35-b333-4017-b664-ccb1ba966ef0.jpg" class="swiper-lazy" alt=""/></div><div class="box__category-name"><div class="box__category-name-inner"><span class="category_name">패션/언더웨어</span></div></div></a></li><li class="list-item"><a href="best@categoryCode=100002010.html"><div class="img_sec"><img data-src="https://image.gmarket.co.kr/hanbando/202208/30fc0d1d-ea15-4e02-8f50-f144d06423ca.jpg" class="swiper-lazy" alt=""/></div><div class="box__category-name"><div class="box__category-name-inner"><span class="category_name">잡화/슈즈/명품</span></div></div></a></li><li class="list-item"><a href="best@categoryCode=100002011.html"><div class="img_sec"><img data-src="https://image.gmarket.co.kr/hanbando/202208/fa99b668-5f13-496e-a62d-dce329ead7cc.jpg" class="swiper-lazy" alt=""/></div><div class="box__category-name"><div class="box__category-name-inner"><span class="category_name">스포츠/레저/자동차</span></div></div></a></li><li class="list-item"><a href="best@categoryCode=100002012.html"><div class="img_sec"><img data-src="https://image.gmarket.co.kr/hanbando/202208/f38a6d26-1cc0-4b33-bf23-f933c2190252.jpg" class="swiper-lazy" alt=""/></div><div class="box__category-name"><div class="box__category-name-inner"><span class="category_name">디지털/가전</span></div></div></a></li><li class="list-item"><a href="best@categoryCode=100002013.html"><div class="img_sec"><img data-src="https://image.gmarket.co.kr/hanbando/202208/edd14751-f54a-48ff-ae9a-15a33b10c06c.jpg" class="swiper-lazy" alt=""/></div><div class="box__category-name"><div class="box__category-name-inner"><span class="category_name">문구/취미/도서</span></div></div></a></li><li class="list-item"><a href="best.html"><div class="img_sec"><img data-src="//pics.gmarket.co.kr/pc/single/kr/smilefresh/image__category-all.png" class="swiper-lazy" alt=""/></div><div class="box__category-name"><div class="box__category-name-inner"><span class="category_name">전체</span></div></div></a></li><li class="list-item"><a href="best@categoryCode=100000000.html"><div class="img_sec"><img data-src="https://image.gmarket.co.kr/hanbando/202209/2f7e5c38-9606-4f1a-912e-f969e22f430f.jpg" class="swiper-lazy" alt=""/></div><div class="box__category-name"><div class="box__category-name-inner"><span class="category_name">정육/계란</span></div></div></a></li><li class="list-item"><a href="best@categoryCode=100001005.html"><div class="img_sec"><img data-src="https://image.gmarket.co.kr/hanbando/202207/efc9fa9b-b4d8-4eb4-b44d-dc8a47a8c00a.jpg" class="swiper-lazy" alt=""/></div><div class="box__category-name"><div class="box__category-name-inner"><span class="category_name">과일</span></div></div></a></li><li class="list-item"><a href="best@categoryCode=100001006.html"><div class="img_sec"><img data-src="https://image.gmarket.co.kr/hanbando/202207/287cdcc7-47f4-4949-8cdf-2bfb4ff5522e.jpg" class="swiper-lazy" alt=""/></div><div class="box__category-name"><div class="box__category-name-inner"><span class="category_name">냉동/간편식</span></div></div></a></li></ul></div><div class="swiper-slide"><ul class="category_slide" aria-label="스마일프레시 베스트 메뉴"><li class="list-item"><a href="best@categoryCode=100001007.html"><div class="img_sec"><img data-src="https://image.gmarket.co.kr/hanbando/202207/92c7e264-61a8-4e11-ab2b-d3ad8a7b3ab6.jpg" class="swiper-lazy" alt=""/></div><div class="box__category-name"><div class="box__category-name-inner"><span class="category_name">쌀/잡곡</span></div></div></a></li><li class="list-item"><a href="best@categoryCode=100001008.html"><div class="img_sec"><img data-src="https://image.gmarket.co.kr/hanbando/202209/eb8b0652-724b-465a-800a-49436a3f5435.jpg" class="swiper-lazy" alt=""/></div><div class="box__category-name"><div class="box__category-name-inner"><span class="category_name">채소/두부</span></div></div></a></li><li class="list-item"><a href="best@categoryCode=100001010.html"><div class="img_sec"><img data-src="https://image.gmarket.co.kr/hanbando/202207/9ac23369-57e8-4299-889a-4f5360cd3c28.jpg" class="swiper-lazy" alt=""/></div><div class="box__category-name"><div class="box__category-name-inner"><span class="category_name">라면/즉석식품</span></div></div></a></li><li class="list-item"><a href="best@categoryCode=100001032.html"><div class="img_sec"><img data-src="https://image.gmarket.co.kr/hanbando/202207/a28bdf02-b436-4466-88de-d8f11ca54296.jpg" class="swiper-lazy" alt=""/></div><div class="box__category-name"><div class="box__category-name-inner"><span class="category_name">생수/음료</span></div></div></a></li><li class="list-item"><a href="best@categoryCode=100001033.html"><div class="img_sec"><img data-src="https://image.gmarket.co.kr/hanbando/202207/fd43d2b2-4f77-4e2c-b5da-58d24b91d95b.jpg" class="swiper-lazy" alt=""/></div><div class="box__category-name"><div class="box__category-name-inner"><span class="category_name">과자/아이스크림</span></div></div></a></li><li class="list-item"><a href="best@categoryCode=100001034.html"><div class="img_sec"><img data-src="https://image.gmarket.co.kr/hanbando/202207/f5f1f7ed-e6a5-4ecd-ac66-aa87756158c2.jpg" class="swiper-lazy" alt=""/></div><div class="box__category-name"><div class="box__category-name-inner"><span class="category_name">우유/유제품</span></div></div></a></li><li class="list-item"><a href="best@categoryCode=100001035.html"><div class="img_sec"><img data-src="https://image.gmarket.co.kr/hanbando/202207/089a0e40-92de-4a0e-a8cb-2a18f78c5691.jpg" class="swiper-lazy" alt=""/></div><div class="box__category-name"><div class="box__category-name-inner"><span class="category_name">장류/양념</span></div></div></a></li><li class="list-item"><a href="best@categoryCode=100001036.html"><div class="img_sec"><img data-src="https://image.gmarket.co.kr/hanbando/202207/a5b62bcd-46b5-4059-bb1b-e01878b77ef4.jpg" class="swiper-lazy" alt=""/></div><div class="box__category-name"><div class="box__category-name-inner"><span class="category_name">화장지/위생</span></div></div></a></li><li class="list-item"><a href="best@categoryCode=100001037.html"><div class="img_sec"><img data-src="https://image.gmarket.co.kr/hanbando/202207/c5b6a09a-4955-4829-94d6-c62f818f2f34.jpg" class="swiper-lazy" alt=""/></div><div class="box__category-name"><div class="box__category-name-inner"><span class="category_name">커피/차</span></div></div></a></li><li class="list-item"><a href="best@categoryCode=100001038.html"><div class="img_sec"><img data-src="https://image.gmarket.co.kr/hanbando/202207/23143aa7-715d-4778-8b1e-ab87422a8d3a.jpg" class="swiper-lazy" alt=""/></div><div class="box__category-name"><div class="box__category-name-inner"><span class="category_name">수산물</span></div></div></a></li><li class="list-item"><a href="best@categoryCode=100001039.html"><div class="img_sec"><img data-src="https://image.gmarket.co.kr/hanbando/202207/85d41348-f077-4b90-b0ff-3599d16216b2.jpg" class="swiper-lazy" alt=""/></div><div class="box__category-name"><div class="box__category-name-inner"><span class="category_name">밀키트/반찬</span></div></div></a></li><li class="list-item"><a href="best@categoryCode=100002000.html"><div class="img_sec"><img data-src="https://image.gmarket.co.kr/hanbando/202208/ea1ecb73-6a2c-45f7-8a89-2e130b634a99.jpg" class="swiper-lazy" alt=""/></div><div class="box__category-name"><div class="box__category-name-inner"><span class="category_name">베이커리/잼</span></div></div></a></li></ul></div><div class="swiper-slide"><ul class="category_slide" aria-label="스마일프레시 베스트 메뉴"><li class="list-item"><a href="best@categoryCode=100002001.html"><div class="img_sec"><img data-src="https://image.gmarket.co.kr/hanbando/202208/7088de74-301b-48ef-911c-f33ed6a22f9b.jpg" class="swiper-lazy" alt=""/></div><div class="box__category-name"><div class="box__category-name-inner"><span class="category_name">건강식품</span></div></div></a></li><li class="list-item list-item--active"><a aria-current="page" href="best@categoryCode=100002002.html"><div class="img_sec"><img data-src="https://image.gmarket.co.kr/hanbando/202208/39888525-4f61-453f-865c-83b6ca536b58.jpg" class="swiper-lazy" alt=""/></div><div class="box__category-name"><div class="box__category-name-inner"><span class="category_name">세탁/청소/욕실용품</span></div></div></a></li><li class="list-item"><a href="best@categoryCode=100002003.html"><div class="img_sec"><img data-src="https://image.gmarket.co.kr/hanbando/202208/a9484e1d-492e-4ab4-84db-1a387177dcbf.jpg" class="swiper-lazy" alt=""/></div><div class="box__category-name"><div class="box__category-name-inner"><span class="category_name">리빙</span></div></div></a></li><li class="list-item"><a href="best@categoryCode=100002004.html"><div class="img_sec"><img data-src="https://image.gmarket.co.kr/hanbando/202208/e0d7614a-763e-4d90-b696-b20c76e890ca.jpg" class="swiper-lazy" alt=""/></div><div class="box__category-name"><div class="box__category-name-inner"><span class="category_name">주방/일회용품</span></div></div></a></li><li class="list-item"><a href="best@categoryCode=100002005.html"><div class="img_sec"><img data-src="https://image.gmarket.co.kr/hanbando/202208/231a3b36-5d05-467d-a33a-8651b9cf19c6.jpg" class="swiper-lazy" alt=""/></div><div class="box__category-name"><div class="box__category-name-inner"><span class="category_name">생활잡화/공구</span></div></div></a></li><li class="list-item"><a href="best@categoryCode=100002006.html"><div class="img_sec"><img data-src="https://image.gmarket.co.kr/hanbando/202208/692a0b18-2063-4f86-a0af-3f7bbee09696.jpg" class="swiper-lazy" alt=""/></div><div class="box__category-name"><div class="box__category-name-inner"><span class="category_name">반려동물</span></div></div></a></li><li class="list-item"><a href="best@categoryCode=100002007.html"><div class="img_sec"><img data-src="https://image.gmarket.co.kr/hanbando/202208/ba755a2e-4a11-472c-92f0-6b82f671b1f8.jpg" class="swiper-lazy" alt=""/></div><div class="box__category-name"><div class="box__category-name-inner"><span class="category_name">뷰티</span></div></div></a></li><li class="list-item"><a href="best@categoryCode=100002008.html"><div class="img_sec"><img data-src="https://image.gmarket.co.kr/hanbando/202208/fd6fb0fe-4f81-48ea-bec2-5cc37db6fa18.jpg" class="swiper-lazy" alt=""/></div><div class="box__category-name"><div class="box__category-name-inner"><span class="category_name">유아동/출산/완구</span></div></div></a></li><li class="list-item"><a href="best@categoryCode=100002009.html"><div class="img_sec"><img data-src="https://image.gmarket.co.kr/hanbando/202208/315ccf35-b333-4017-b664-ccb1ba966ef0.jpg" class="swiper-lazy" alt=""/></div><div class="box__category-name"><div class="box__category-name-inner"><span class="category_name">패션/언더웨어</span></div></div></a></li><li class="list-item"><a href="best@categoryCode=100002010.html"><div class="img_sec"><img data-src="https://image.gmarket.co.kr/hanbando/202208/30fc0d1d-ea15-4e02-8f50-f144d06423ca.jpg" class="swiper-lazy" alt=""/></div><div class="box__category-name"><div class="box__category-name-inner"><span class="category_name">잡화/슈즈/명품</span></div></div></a></li><li class="list-item"><a href="best@categoryCode=100002011.html"><div class="img_sec"><img data-src="https://image.gmarket.co.kr/hanbando/202208/fa99b668-5f13-496e-a62d-dce329ead7cc.jpg" class="swiper-lazy" alt=""/></div><div class="box__category-name"><div class="box__category-name-inner"><span class="category_name">스포츠/레저/자동차</span></div></div></a></li><li class="list-item"><a href="best@categoryCode=100002012.html"><div class="img_sec"><img data-src="https://image.gmarket.co.kr/hanbando/202208/f38a6d26-1cc0-4b33-bf23-f933c2190252.jpg" class="swiper-lazy" alt=""/></div><div class="box__category-name"><div class="box__category-name-inner"><span class="category_name">디지털/가전</span></div></div></a></li></ul></div><div class="swiper-slide"><ul class="category_slide" aria-label="스마일프레시 베스트 메뉴"><li class="list-item"><a href="best@categoryCode=100002013.html"><div class="img_sec"><img data-src="https://image.gmarket.co.kr/hanbando/202208/edd14751-f54a-48ff-ae9a-15a33b10c06c.jpg" class="swiper-lazy" alt=""/></div><div class="box__category-name"><div class="box__category-name-inner"><span class="category_name">문구/취미/도서</span></div></div></a></li><li class="list-item"><a href="best.html"><div class="img_sec"><img data-src="//pics.gmarket.co.kr/pc/single/kr/smilefresh/image__category-all.png" class="swiper-lazy" alt=""/></div><div class="box__category-name"><div class="box__category-name-inner"><span class="category_name">전체</span></div></div></a></li><li class="list-item"><a href="best@categoryCode=100000000.html"><div class="img_sec"><img data-src="https://image.gmarket.co.kr/hanbando/202209/2f7e5c38-9606-4f1a-912e-f969e22f430f.jpg" class="swiper-lazy" alt=""/></div><div class="box__category-name"><div class="box__category-name-inner"><span class="category_name">정육/계란</span></div></div></a></li><li class="list-item"><a href="best@categoryCode=100001005.html"><div class="img_sec"><img data-src="https://image.gmarket.co.kr/hanbando/202207/efc9fa9b-b4d8-4eb4-b44d-dc8a47a8c00a.jpg" class="swiper-lazy" alt=""/></div><div class="box__category-name"><div class="box__category-name-inner"><span class="category_name">과일</span></div></div></a></li><li class="list-item"><a href="best@categoryCode=100001006.html"><div class="img_sec"><img data-src="https://image.gmarket.co.kr/hanbando/202207/287cdcc7-47f4-4949-8cdf-2bfb4ff5522e.jpg" class="swiper-lazy" alt=""/></div><div class="box__category-name"><div class="box__category-name-inner"><span class="category_name">냉동/간편식</span></div></div></a></li><li class="list-item"><a href="best@categoryCode=100001007.html"><div class="img_sec"><img data-src="https://image.gmarket.co.kr/hanbando/202207/92c7e264-61a8-4e11-ab2b-d3ad8a7b3ab6.jpg" class="swiper-lazy" alt=""/></div><div class="box__category-name"><div class="box__category-name-inner"><span class="category_name">쌀/잡곡</span></div></div></a></li><li class="list-item"><a href="best@categoryCode=100001008.html"><div class="img_sec"><img data-src="https://image.gmarket.co.kr/hanbando/202209/eb8b0652-724b-465a-800a-49436a3f5435.jpg" class="swiper-lazy" alt=""/></div><div class="box__category-name"><div class="box__category-name-inner"><span class="category_name">채소/두부</span></div></div></a></li><li class="list-item"><a href="best@categoryCode=100001010.html"><div class="img_sec"><img data-src="https://image.gmarket.co.kr/hanbando/202207/9ac23369-57e8-4299-889a-4f5360cd3c28.jpg" class="swiper-lazy" alt=""/></div><div class="box__category-name"><div class="box__category-name-inner"><span class="category_name">라면/즉석식품</span></div></div></a></li><li class="list-item"><a href="best@categoryCode=100001032.html"><div class="img_sec"><img data-src="https://image.gmarket.co.kr/hanbando/202207/a28bdf02-b436-4466-88de-d8f11ca54296.jpg" class="swiper-lazy" alt=""/></div><div class="box__category-name"><div class="box__category-name-inner"><span class="category_name">생수/음료</span></div></div></a></li><li class="list-item"><a href="best@categoryCode=100001033.html"><div class="img_sec"><img data-src="https://image.gmarket.co.kr/hanbando/202207/fd43d2b2-4f77-4e2c-b5da-58d24b91d95b.jpg" class="swiper-lazy" alt=""/></div><div class="box__category-name"><div class="box__category-name-inner"><span class="category_name">과자/아이스크림</span></div></div></a></li><li class="list-item"><a href="best@categoryCode=100001034.html"><div class="img_sec"><img data-src="https://image.gmarket.co.kr/hanbando/202207/f5f1f7ed-e6a5-4ecd-ac66-aa87756158c2.jpg" class="swiper-lazy" alt=""/></div><div class="box__category-name"><div class="box__category-name-inner"><span class="category_name">우유/유제품</span></div></div></a></li><li class="list-item"><a href="best@categoryCode=100001035.html"><div class="img_sec"><img data-src="https://image.gmarket.co.kr/hanbando/202207/089a0e40-92de-4a0e-a8cb-2a18f78c5691.jpg" class="swiper-lazy" alt=""/></div><div class="box__category-name"><div class="box__category-name-inner"><span class="category_name">장류/양념</span></div></div></a></li></ul></div><div class="swiper-slide"><ul class="category_slide" aria-label="스마일프레시 베스트 메뉴"><li class="list-item"><a href="best@categoryCode=100001036.html"><div class="img_sec"><img data-src="https://image.gmarket.co.kr/hanbando/202207/a5b62bcd-46b5-4059-bb1b-e01878b77ef4.jpg" class="swiper-lazy" alt=""/></div><div class="box__category-name"><div class="box__category-name-inner"><span class="category_name">화장지/위생</span></div></div></a></li><li class="list-item"><a href="best@categoryCode=100001037.html"><div class="img_sec"><img data-src="https://image.gmarket.co.kr/hanbando/202207/c5b6a09a-4955-4829-94d6-c62f818f2f34.jpg" class="swiper-lazy" alt=""/></div><div class="box__category-name"><div class="box__category-name-inner"><span class="category_name">커피/차</span></div></div></a></li><li class="list-item"><a href="best@categoryCode=100001038.html"><div class="img_sec"><img data-src="https://image.gmarket.co.kr/hanbando/202207/23143aa7-715d-4778-8b1e-ab87422a8d3a.jpg" class="swiper-lazy" alt=""/></div><div class="box__category-name"><div class="box__category-name-inner"><span class="category_name">수산물</span></div></div></a></li><li class="list-item"><a href="best@categoryCode=100001039.html"><div class="img_sec"><img data-src="https://image.gmarket.co.kr/hanbando/202207/85d41348-f077-4b90-b0ff-3599d16216b2.jpg" class="swiper-lazy" alt=""/></div><div class="box__category-name"><div class="box__category-name-inner"><span class="category_name">밀키트/반찬</span></div></div></a></li><li class="list-item"><a href="best@categoryCode=100002000.html"><div class="img_sec"><img data-src="https://image.gmarket.co.kr/hanbando/202208/ea1ecb73-6a2c-45f7-8a89-2e130b634a99.jpg" class="swiper-lazy" alt=""/></div><div class="box__category-name"><div class="box__category-name-inner"><span class="category_name">베이커리/잼</span></div></div></a></li><li class="list-item"><a href="best@categoryCode=100002001.html"><div class="img_sec"><img data-src="https://image.gmarket.co.kr/hanbando/202208/7088de74-301b-48ef-911c-f33ed6a22f9b.jpg" class="swiper-lazy" alt=""/></div><div class="box__category-name"><div class="box__category-name-inner"><span class="category_name">건강식품</span></div></div></a></li><li class="list-item list-item--active"><a aria-current="page" href="best@categoryCode=100002002.html"><div class="img_sec"><img data-src="https://image.gmarket.co.kr/hanbando/202208/39888525-4f61-453f-865c-83b6ca536b58.jpg" class="swiper-lazy" alt=""/></div><div class="box__category-name"><div class="box__category-name-inner"><span class="category_name">세탁/청소/욕실용품</span></div></div></a></li><li class="list-item"><a href="best@categoryCode=100002003.html"><div class="img_sec"><img data-src="https://image.gmarket.co.kr/hanbando/202208/a9484e1d-492e-4ab4-84db-1a387177dcbf.jpg" class="swiper-lazy" alt=""/></div><div class="box__category-name"><div class="box__category-name-inner"><span class="category_name">리빙</span></div></div></a></li><li class="list-item"><a href="best@categoryCode=100002004.html"><div class="img_sec"><img data-src="https://image.gmarket.co.kr/hanbando/202208/e0d7614a-763e-4d90-b696-b20c76e890ca.jpg" class="swiper-lazy" alt=""/></div><div class="box__category-name"><div class="box__category-name-inner"><span class="category_name">주방/일회용품</span></div></div></a></li><li class="list-item"><a href="best@categoryCode=100002005.html"><div class="img_sec"><img data-src="https://image.gmarket.co.kr/hanbando/202208/231a3b36-5d05-467d-a33a-8651b9cf19c6.jpg" class="swiper-lazy" alt=""/></div><div class="box__category-name"><div class="box__category-name-inner"><span class="category_name">생활잡화/공구</span></div></div></a></li><li class="list-item"><a href="best@categoryCode=100002006.html"><div class="img_sec"><img data-src="https://image.gmarket.co.kr/hanbando/202208/692a0b18-2063-4f86-a0af-3f7bbee09696.jpg" class="swiper-lazy" alt=""/></div><div class="box__category-name"><div class="box__category-name-inner"><span class="category_name">반려동물</span></div></div></a></li><li class="list-item"><a href="best@categoryCode=100002007.html"><div class="img_sec"><img data-src="https://image.gmarket.co.kr/hanbando/202208/ba755a2e-4a11-472c-92f0-6b82f671b1f8.jpg" class="swiper-lazy" alt=""/></div><div class="box__category-name"><div class="box__category-name-inner"><span class="category_name">뷰티</span></div></div></a></li></ul></div><div class="swiper-slide"><ul class="category_slide" aria-label="스마일프레시 베스트 메뉴"><li class="list-item"><a href="best@categoryCode=100002008.html"><div class="img_sec"><img data-src="https://image.gmarket.co.kr/hanbando/202208/fd6fb0fe-4f81-48ea-bec2-5cc37db6fa18.jpg" class="swiper-lazy" alt=""/></div><div class="box__category-name"><div class="box__category-name-inner"><span class="category_name">유아동/출산/완구</span></div></div></a></li><li class="list-item"><a href="best@categoryCode=100002009.html"><div class="img_sec"><img data-src="https://image.gmarket.co.kr/hanbando/202208/315ccf35-b333-4017-b664-ccb1ba966ef0.jpg" class="swiper-lazy" alt=""/></div><div class="box__category-name"><div class="box__category-name-inner"><span class="category_name">패션/언더웨어</span></div></div></a></li><li class="list-item"><a href="best@categoryCode=100002010.html"><div class="img_sec"><img data-src="https://image.gmarket.co.kr/hanbando/202208/30fc0d1d-ea15-4e02-8f50-f144d06423ca.jpg" class="swiper-lazy" alt=""/></div><div class="box__category-name"><div class="box__category-name-inner"><span class="category_name">잡화/슈즈/명품</span></div></div></a></li><li class="list-item"><a href="best@categoryCode=100002011.html"><div class="img_sec"><img data-src="https://image.gmarket.co.kr/hanbando/202208/fa99b668-5f13-496e-a62d-dce329ead7cc.jpg" class="swiper-lazy" alt=""/></div><div class="box__category-name"><div class="box__category-name-inner"><span class="category_name">스포츠/레저/자동차</span></div></div></a></li><li class="list-item"><a href="best@categoryCode=100002012.html"><div class="img_sec"><img data-src="https://image.gmarket.co.kr/hanbando/202208/f38a6d26-1cc0-4b33-bf23-f933c2190252.jpg" class="swiper-lazy" alt=""/></div><div class="box__category-name"><div class="box__category-name-inner"><span class="category_name">디지털/가전</span></div></div></a></li><li class="list-item"><a href="best@categoryCode=100002013.html"><div class="img_sec"><img data-src="https://image.gmarket.co.kr/hanbando/202208/edd14751-f54a-48ff-ae9a-15a33b10c06c.jpg" class="swiper-lazy" alt=""/></div><div class="box__category-name"><div class="box__category-name-inner"><span class="category_name">문구/취미/도서</span></div></div></a></li><li class="list-item"><a href="best.html"><div class="img_sec"><img data-src="//pics.gmarket.co.kr/pc/single/kr/smilefresh/image__category-all.png" class="swiper-lazy" alt=""/></div><div class="box__category-name"><div class="box__category-name-inner"><span class="category_name">전체</span></div></div></a></li><li class="list-item"><a href="best@categoryCode=100000000.html"><div class="img_sec"><img data-src="https://image.gmarket.co.kr/hanbando/202209/2f7e5c38-9606-4f1a-912e-f969e22f430f.jpg" class="swiper-lazy" alt=""/></div><div class="box__category-name"><div class="box__category-name-inner"><span class="category_name">정육/계란</span></div></div></a></li><li class="list-item"><a href="best@categoryCode=100001005.html"><div class="img_sec"><img data-src="https://image.gmarket.co.kr/hanbando/202207/efc9fa9b-b4d8-4eb4-b44d-dc8a47a8c00a.jpg" class="swiper-lazy" alt=""/></div><div class="box__category-name"><div class="box__category-name-inner"><span class="category_name">과일</span></div></div></a></li><li class="list-item"><a href="best@categoryCode=100001006.html"><div class="img_sec"><img data-src="https://image.gmarket.co.kr/hanbando/202207/287cdcc7-47f4-4949-8cdf-2bfb4ff5522e.jpg" class="swiper-lazy" alt=""/></div><div class="box__category-name"><div class="box__category-name-inner"><span class="category_name">냉동/간편식</span></div></div></a></li><li class="list-item"><a href="best@categoryCode=100001007.html"><div class="img_sec"><img data-src="https://image.gmarket.co.kr/hanbando/202207/92c7e264-61a8-4e11-ab2b-d3ad8a7b3ab6.jpg" class="swiper-lazy" alt=""/></div><div class="box__category-name"><div class="box__category-name-inner"><span class="category_name">쌀/잡곡</span></div></div></a></li><li class="list-item"><a href="best@categoryCode=100001008.html"><div class="img_sec"><img data-src="https://image.gmarket.co.kr/hanbando/202209/eb8b0652-724b-465a-800a-49436a3f5435.jpg" class="swiper-lazy" alt=""/></div><div class="box__category-name"><div class="box__category-name-inner"><span class="category_name">채소/두부</span></div></div></a></li></ul></div><div class="swiper-slide"><ul class="category_slide" aria-label="스마일프레시 베스트 메뉴"><li class="list-item"><a href="best@categoryCode=100001010.html"><div class="img_sec"><img data-src="https://image.gmarket.co.kr/hanbando/202207/9ac23369-57e8-4299-889a-4f5360cd3c28.jpg" class="swiper-lazy" alt=""/></div><div class="box__category-name"><div class="box__category-name-inner"><span class="category_name">라면/즉석식품</span></div></div></a></li><li class="list-item"><a href="best@categoryCode=100001032.html"><div class="img_sec"><img data-src="https://image.gmarket.co.kr/hanbando/202207/a28bdf02-b436-4466-88de-d8f11ca54296.jpg" class="swiper-lazy" alt=""/></div><div class="box__category-name"><div class="box__category-name-inner"><span class="category_name">생수/음료</span></div></div></a></li><li class="list-item"><a href="best@categoryCode=100001033.html"><div class="img_sec"><img data-src="https://image.gmarket.co.kr/hanbando/202207/fd43d2b2-4f77-4e2c-b5da-58d24b91d95b.jpg" class="swiper-lazy" alt=""/></div><div class="box__category-name"><div class="box__category-name-inner"><span class="category_name">과자/아이스크림</span></div></div></a></li><li class="list-item"><a href="best@categoryCode=100001034.html"><div class="img_sec"><img data-src="https://image.gmarket.co.kr/hanbando/202207/f5f1f7ed-e6a5-4ecd-ac66-aa87756158c2.jpg" class="swiper-lazy" alt=""/></div><div class="box__category-name"><div class="box__category-name-inner"><span class="category_name">우유/유제품</span></div></div></a></li><li class="list-item"><a href="best@categoryCode=100001035.html"><div class="img_sec"><img data-src="https://image.gmarket.co.kr/hanbando/202207/089a0e40-92de-4a0e-a8cb-2a18f78c5691.jpg" class="swiper-lazy" alt=""/></div><div class="box__category-name"><div class="box__category-name-inner"><span class="category_name">장류/양념</span></div></div></a></li><li class="list-item"><a href="best@categoryCode=100001036.html"><div class="img_sec"><img data-src="https://image.gmarket.co.kr/hanbando/202207/a5b62bcd-46b5-4059-bb1b-e01878b77ef4.jpg" class="swiper-lazy" alt=""/></div><div class="box__category-name"><div class="box__category-name-inner"><span class="category_name">화장지/위생</span></div></div></a></li><li class="list-item"><a href="best@categoryCode=100001037.html"><div class="img_sec"><img data-src="https://image.gmarket.co.kr/hanbando/202207/c5b6a09a-4955-4829-94d6-c62f818f2f34.jpg" class="swiper-lazy" alt=""/></div><div class="box__category-name"><div class="box__category-name-inner"><span class="category_name">커피/차</span></div></div></a></li><li class="list-item"><a href="best@categoryCode=100001038.html"><div class="img_sec"><img data-src="https://image.gmarket.co.kr/hanbando/202207/23143aa7-715d-4778-8b1e-ab87422a8d3a.jpg" class="swiper-lazy" alt=""/></div><div class="box__category-name"><div class="box__category-name-inner"><span class="category_name">수산물</span></div></div></a></li><li class="list-item"><a href="best@categoryCode=100001039.html"><div class="img_sec"><img data-src="https://image.gmarket.co.kr/hanbando/202207/85d41348-f077-4b90-b0ff-3599d16216b2.jpg" class="swiper-lazy" alt=""/></div><div class="box__category-name"><div class="box__category-name-inner"><span class="category_name">밀키트/반찬</span></div></div></a></li><li class="list-item"><a href="best@categoryCode=100002000.html"><div class="img_sec"><img data-src="https://image.gmarket.co.kr/hanbando/202208/ea1ecb73-6a2c-45f7-8a89-2e130b634a99.jpg" class="swiper-lazy" alt=""/></div><div class="box__category-name"><div class="box__category-name-inner"><span class="category_name">베이커리/잼</span></div></div></a></li><li class="list-item"><a href="best@categoryCode=100002001.html"><div class="img_sec"><img data-src="https://image.gmarket.co.kr/hanbando/202208/7088de74-301b-48ef-911c-f33ed6a22f9b.jpg" class="swiper-lazy" alt=""/></div><div class="box__category-name"><div class="box__category-name-inner"><span class="category_name">건강식품</span></div></div></a></li><li class="list-item list-item--active"><a aria-current="page" href="best@categoryCode=100002002.html"><div class="img_sec"><img data-src="https://image.gmarket.co.kr/hanbando/202208/39888525-4f61-453f-865c-83b6ca536b58.jpg" class="swiper-lazy" alt=""/></div><div class="box__category-name"><div class="box__category-name-inner"><span class="category_name">세탁/청소/욕실용품</span></div></div></a></li></ul></div><div class="swiper-slide"><ul class="category_slide" aria-label="스마일프레시 베스트 메뉴"><li class="list-item"><a href="best@categoryCode=100002003.html"><div class="img_sec"><img data-src="https://image.gmarket.co.kr/hanbando/202208/a9484e1d-492e-4ab4-84db-1a387177dcbf.jpg" class="swiper-lazy" alt=""/></div><div class="box__category-name"><div class="box__category-name-inner"><span class="category_name">리빙</span></div></div></a></li><li class="list-item"><a href="best@categoryCode=100002004.html"><div class="img_sec"><img data-src="https://image.gmarket.co.kr/hanbando/202208/e0d7614a-763e-4d90-b696-b20c76e890ca.jpg" class="swiper-lazy" alt=""/></div><div class="box__category-name"><div class="box__category-name-inner"><span class="category_name">주방/일회용품</span></div></div></a></li><li class="list-item"><a href="best@categoryCode=100002005.html"><div class="img_sec"><img data-src="https://image.gmarket.co.kr/hanbando/202208/231a3b36-5d05-467d-a33a-8651b9cf19c6.jpg" class="swiper-lazy" alt=""/></div><div class="box__category-name"><div class="box__category-name-inner"><span class="category_name">생활잡화/공구</span></div></div></a></li><li class="list-item"><a href="best@categoryCode=100002006.html"><div class="img_sec"><img data-src="https://image.gmarket.co.kr/hanbando/202208/692a0b18-2063-4f86-a0af-3f7bbee09696.jpg" class="swiper-lazy" alt=""/></div><div class="box__category-name"><div class="box__category-name-inner"><span class="category_name">반려동물</span></div></div></a></li><li class="list-item"><a href="best@categoryCode=100002007.html"><div class="img_sec"><img data-src="https://image.gmarket.co.kr/hanbando/202208/ba755a2e-4a11-472c-92f0-6b82f671b1f8.jpg" class="swiper-lazy" alt=""/></div><div class="box__category-name"><div class="box__category-name-inner"><span class="category_name">뷰티</span></div></div></a></li><li class="list-item"><a href="best@categoryCode=100002008.html"><div class="img_sec"><img data-src="https://image.gmarket.co.kr/hanbando/202208/fd6fb0fe-4f81-48ea-bec2-5cc37db6fa18.jpg" class="swiper-lazy" alt=""/></div><div class="box__category-name"><div class="box__category-name-inner"><span class="category_name">유아동/출산/완구</span></div></div></a></li><li class="list-item"><a href="best@categoryCode=100002009.html"><div class="img_sec"><img data-src="https://image.gmarket.co.kr/hanbando/202208/315ccf35-b333-4017-b664-ccb1ba966ef0.jpg" class="swiper-lazy" alt=""/></div><div class="box__category-name"><div class="box__category-name-inner"><span class="category_name">패션/언더웨어</span></div></div></a></li><li class="list-item"><a href="best@categoryCode=100002010.html"><div class="img_sec"><img data-src="https://image.gmarket.co.kr/hanbando/202208/30fc0d1d-ea15-4e02-8f50-f144d06423ca.jpg" class="swiper-lazy" alt=""/></div><div class="box__category-name"><div class="box__category-name-inner"><span class="category_name">잡화/슈즈/명품</span></div></div></a></li><li class="list-item"><a href="best@categoryCode=100002011.html"><div class="img_sec"><img data-src="https://image.gmarket.co.kr/hanbando/202208/fa99b668-5f13-496e-a62d-dce329ead7cc.jpg" class="swiper-lazy" alt=""/></div><div class="box__category-name"><div class="box__category-name-inner"><span class="category_name">스포츠/레저/자동차</span></div></div></a></li><li class="list-item"><a href="best@categoryCode=100002012.html"><div class="img_sec"><img data-src="https://image.gmarket.co.kr/hanbando/202208/f38a6d26-1cc0-4b33-bf23-f933c2190252.jpg" class="swiper-lazy" alt=""/></div><div class="box__category-name"><div class="box__category-name-inner"><span class="category_name">디지털/가전</span></div></div></a></li><li class="list-item"><a href="best@categoryCode=100002013.html"><div class="img_sec"><img data-src="https://image.gmarket.co.kr/hanbando/202208/edd14751-f54a-48ff-ae9a-15a33b10c06c.jpg" class="swiper-lazy" alt=""/></div><div class="box__category-name"><div class="box__category-name-inner"><span class="category_name">문구/취미/도서</span></div></div></a></li><li class="list-item"><a href="best.html"><div class="img_sec"><img data-src="//pics.gmarket.co.kr/pc/single/kr/smilefresh/image__category-all.png" class="swiper-lazy" alt=""/></div><div class="box__category-name"><div class="box__category-name-inner"><span class="category_name">전체</span></div></div></a></li></ul></div><div class="swiper-slide"><ul class="category_slide" aria-label="스마일프레시 베스트 메뉴"><li class="list-item"><a href="best@categoryCode=100000000.html"><div class="img_sec"><img data-src="https://image.gmarket.co.kr/hanbando/202209/2f7e5c38-9606-4f1a-912e-f969e22f430f.jpg" class="swiper-lazy" alt=""/></div><div class="box__category-name"><div class="box__category-name-inner"><span class="category_name">정육/계란</span></div></div></a></li><li class="list-item"><a href="best@categoryCode=100001005.html"><div class="img_sec"><img data-src="https://image.gmarket.co.kr/hanbando/202207/efc9fa9b-b4d8-4eb4-b44d-dc8a47a8c00a.jpg" class="swiper-lazy" alt=""/></div><div class="box__category-name"><div class="box__category-name-inner"><span class="category_name">과일</span></div></div></a></li><li class="list-item"><a href="best@categoryCode=100001006.html"><div class="img_sec"><img data-src="https://image.gmarket.co.kr/hanbando/202207/287cdcc7-47f4-4949-8cdf-2bfb4ff5522e.jpg" class="swiper-lazy" alt=""/></div><div class="box__category-name"><div class="box__category-name-inner"><span class="category_name">냉동/간편식</span></div></div></a></li><li class="list-item"><a href="best@categoryCode=100001007.html"><div class="img_sec"><img data-src="https://image.gmarket.co.kr/hanbando/202207/92c7e264-61a8-4e11-ab2b-d3ad8a7b3ab6.jpg" class="swiper-lazy" alt=""/></div><div class="box__category-name"><div class="box__category-name-inner"><span class="category_name">쌀/잡곡</span></div></div></a></li><li class="list-item"><a href="best@categoryCode=100001008.html"><div class="img_sec"><img data-src="https://image.gmarket.co.kr/hanbando/202209/eb8b0652-724b-465a-800a-49436a3f5435.jpg" class="swiper-lazy" alt=""/></div><div class="box__category-name"><div class="box__category-name-inner"><span class="category_name">채소/두부</span></div></div></a></li><li class="list-item"><a href="best@categoryCode=100001010.html"><div class="img_sec"><img data-src="https://image.gmarket.co.kr/hanbando/202207/9ac23369-57e8-4299-889a-4f5360cd3c28.jpg" class="swiper-lazy" alt=""/></div><div class="box__category-name"><div class="box__category-name-inner"><span class="category_name">라면/즉석식품</span></div></div></a></li><li class="list-item"><a href="best@categoryCode=100001032.html"><div class="img_sec"><img data-src="https://image.gmarket.co.kr/hanbando/202207/a28bdf02-b436-4466-88de-d8f11ca54296.jpg" class="swiper-lazy" alt=""/></div><div class="box__category-name"><div class="box__category-name-inner"><span class="category_name">생수/음료</span></div></div></a></li><li class="list-item"><a href="best@categoryCode=100001033.html"><div class="img_sec"><img data-src="https://image.gmarket.co.kr/hanbando/202207/fd43d2b2-4f77-4e2c-b5da-58d24b91d95b.jpg" class="swiper-lazy" alt=""/></div><div class="box__category-name"><div class="box__category-name-inner"><span class="category_name">과자/아이스크림</span></div></div></a></li><li class="list-item"><a href="best@categoryCode=100001034.html"><div class="img_sec"><img data-src="https://image.gmarket.co.kr/hanbando/202207/f5f1f7ed-e6a5-4ecd-ac66-aa87756158c2.jpg" class="swiper-lazy" alt=""/></div><div class="box__category-name"><div class="box__category-name-inner"><span class="category_name">우유/유제품</span></div></div></a></li><li class="list-item"><a href="best@categoryCode=100001035.html"><div class="img_sec"><img data-src="https://image.gmarket.co.kr/hanbando/202207/089a0e40-92de-4a0e-a8cb-2a18f78c5691.jpg" class="swiper-lazy" alt=""/></div><div class="box__category-name"><div class="box__category-name-inner"><span class="category_name">장류/양념</span></div></div></a></li><li class="list-item"><a href="best@categoryCode=100001036.html"><div class="img_sec"><img data-src="https://image.gmarket.co.kr/hanbando/202207/a5b62bcd-46b5-4059-bb1b-e01878b77ef4.jpg" class="swiper-lazy" alt=""/></div><div class="box__category-name"><div class="box__category-name-inner"><span class="category_name">화장지/위생</span></div></div></a></li><li class="list-item"><a href="best@categoryCode=100001037.html"><div class="img_sec"><img data-src="https://image.gmarket.co.kr/hanbando/202207/c5b6a09a-4955-4829-94d6-c62f818f2f34.jpg" class="swiper-lazy" alt=""/></div><div class="box__category-name"><div class="box__category-name-inner"><span class="category_name">커피/차</span></div></div></a></li></ul></div><div class="swiper-slide"><ul class="category_slide" aria-label="스마일프레시 베스트 메뉴"><li class="list-item"><a href="best@categoryCode=100001038.html"><div class="img_sec"><img data-src="https://image.gmarket.co.kr/hanbando/202207/23143aa7-715d-4778-8b1e-ab87422a8d3a.jpg" class="swiper-lazy" alt=""/></div><div class="box__category-name"><div class="box__category-name-inner"><span class="category_name">수산물</span></div></div></a></li><li class="list-item"><a href="best@categoryCode=100001039.html"><div class="img_sec"><img data-src="https://image.gmarket.co.kr/hanbando/202207/85d41348-f077-4b90-b0ff-3599d16216b2.jpg" class="swiper-lazy" alt=""/></div><div class="box__category-name"><div class="box__category-name-inner"><span class="category_name">밀키트/반찬</span></div></div></a></li><li class="list-item"><a href="best@categoryCode=100002000.html"><div class="img_sec"><img data-src="https://image.gmarket.co.kr/hanbando/202208/ea1ecb73-6a2c-45f7-8a89-2e130b634a99.jpg" class="swiper-lazy" alt=""/></div><div class="box__category-name"><div class="box__category-name-inner"><span class="category_name">베이커리/잼</span></div></div></a></li><li class="list-item"><a href="best@categoryCode=100002001.html"><div class="img_sec"><img data-src="https://image.gmarket.co.kr/hanbando/202208/7088de74-301b-48ef-911c-f33ed6a22f9b.jpg" class="swiper-lazy" alt=""/></div><div class="box__category-name"><div class="box__category-name-inner"><span class="category_name">건강식품</span></div></div></a></li><li class="list-item list-item--active"><a aria-current="page" href="best@categoryCode=100002002.html"><div class="img_sec"><img data-src="https://image.gmarket.co.kr/hanbando/202208/39888525-4f61-453f-865c-83b6ca536b58.jpg" class="swiper-lazy" alt=""/></div><div class="box__category-name"><div class="box__category-name-inner"><span class="category_name">세탁/청소/욕실용품</span></div></div></a></li><li class="list-item"><a href="best@categoryCode=100002003.html"><div class="img_sec"><img data-src="https://image.gmarket.co.kr/hanbando/202208/a9484e1d-492e-4ab4-84db-1a387177dcbf.jpg" class="swiper-lazy" alt=""/></div><div class="box__category-name"><div class="box__category-name-inner"><span class="category_name">리빙</span></div></div></a></li><li class="list-item"><a href="best@categoryCode=100002004.html"><div class="img_sec"><img data-src="https://image.gmarket.co.kr/hanbando/202208/e0d7614a-763e-4d90-b696-b20c76e890ca.jpg" class="swiper-lazy" alt=""/></div><div class="box__category-name"><div class="box__category-name-inner"><span class="category_name">주방/일회용품</span></div></div></a></li><li class="list-item"><a href="best@categoryCode=100002005.html"><div class="img_sec"><img data-src="https://image.gmarket.co.kr/hanbando/202208/231a3b36-5d05-467d-a33a-8651b9cf19c6.jpg" class="swiper-lazy" alt=""/></div><div class="box__category-name"><div class="box__category-name-inner"><span class="category_name">생활잡화/공구</span></div></div></a></li><li class="list-item"><a href="best@categoryCode=100002006.html"><div class="img_sec"><img data-src="https://image.gmarket.co.kr/hanbando/202208/692a0b18-2063-4f86-a0af-3f7bbee09696.jpg" class="swiper-lazy" alt=""/></div><div class="box__category-name"><div class="box__category-name-inner"><span class="category_name">반려동물</span></div></div></a></li><li class="list-item"><a href="best@categoryCode=100002007.html"><div class="img_sec"><img data-src="https://image.gmarket.co.kr/hanbando/202208/ba755a2e-4a11-472c-92f0-6b82f671b1f8.jpg" class="swiper-lazy" alt=""/></div><div class="box__category-name"><div class="box__category-name-inner"><span class="category_name">뷰티</span></div></div></a></li><li class="list-item"><a href="best@categoryCode=100002008.html"><div class="img_sec"><img data-src="https://image.gmarket.co.kr/hanbando/202208/fd6fb0fe-4f81-48ea-bec2-5cc37db6fa18.jpg" class="swiper-lazy" alt=""/></div><div class="box__category-name"><div class="box__category-name-inner"><span class="category_name">유아동/출산/완구</span></div></div></a></li><li class="list-item"><a href="best@categoryCode=100002009.html"><div class="img_sec"><img data-src="https://image.gmarket.co.kr/hanbando/202208/315ccf35-b333-4017-b664-ccb1ba966ef0.jpg" class="swiper-lazy" alt=""/></div><div class="box__category-name"><div class="box__category-name-inner"><span class="category_name">패션/언더웨어</span></div></div></a></li></ul></div><div class="swiper-slide"><ul class="category_slide" aria-label="스마일프레시 베스트 메뉴"><li class="list-item"><a href="best@categoryCode=100002010.html"><div class="img_sec"><img data-src="https://image.gmarket.co.kr/hanbando/202208/30fc0d1d-ea15-4e02-8f50-f144d06423ca.jpg" class="swiper-lazy" alt=""/></div><div class="box__category-name"><div class="box__category-name-inner"><span class="category_name">잡화/슈즈/명품</span></div></div></a></li><li class="list-item"><a href="best@categoryCode=100002011.html"><div class="img_sec"><img data-src="https://image.gmarket.co.kr/hanbando/202208/fa99b668-5f13-496e-a62d-dce329ead7cc.jpg" class="swiper-lazy" alt=""/></div><div class="box__category-name"><div class="box__category-name-inner"><span class="category_name">스포츠/레저/자동차</span></div></div></a></li><li class="list-item"><a href="best@categoryCode=100002012.html"><div class="img_sec"><img data-src="https://image.gmarket.co.kr/hanbando/202208/f38a6d26-1cc0-4b33-bf23-f933c2190252.jpg" class="swiper-lazy" alt=""/></div><div class="box__category-name"><div class="box__category-name-inner"><span class="category_name">디지털/가전</span></div></div></a></li><li class="list-item"><a href="best@categoryCode=100002013.html"><div class="img_sec"><img data-src="https://image.gmarket.co.kr/hanbando/202208/edd14751-f54a-48ff-ae9a-15a33b10c06c.jpg" class="swiper-lazy" alt=""/></div><div class="box__category-name"><div class="box__category-name-inner"><span class="category_name">문구/취미/도서</span></div></div></a></li><li class="list-item"><a href="best.html"><div class="img_sec"><img data-src="//pics.gmarket.co.kr/pc/single/kr/smilefresh/image__category-all.png" class="swiper-lazy" alt=""/></div><div class="box__category-name"><div class="box__category-name-inner"><span class="category_name">전체</span></div></div></a></li><li class="list-item"><a href="best@categoryCode=100000000.html"><div class="img_sec"><img data-src="https://image.gmarket.co.kr/hanbando/202209/2f7e5c38-9606-4f1a-912e-f969e22f430f.jpg" class="swiper-lazy" alt=""/></div><div class="box__category-name"><div class="box__category-name-inner"><span class="category_name">정육/계란</span></div></div></a></li><li class="list-item"><a href="best@categoryCode=100001005.html"><div class="img_sec"><img data-src="https://image.gmarket.co.kr/hanbando/202207/efc9fa9b-b4d8-4eb4-b44d-dc8a47a8c00a.jpg" class="swiper-lazy" alt=""/></div><div class="box__category-name"><div class="box__category-name-inner"><span class="category_name">과일</span></div></div></a></li><li class="list-item"><a href="best@categoryCode=100001006.html"><div class="img_sec"><img data-src="https://image.gmarket.co.kr/hanbando/202207/287cdcc7-47f4-4949-8cdf-2bfb4ff5522e.jpg" class="swiper-lazy" alt=""/></div><div class="box__category-name"><div class="box__category-name-inner"><span class="category_name">냉동/간편식</span></div></div></a></li><li class="list-item"><a href="best@categoryCode=100001007.html"><div class="img_sec"><img data-src="https://image.gmarket.co.kr/hanbando/202207/92c7e264-61a8-4e11-ab2b-d3ad8a7b3ab6.jpg" class="swiper-lazy" alt=""/></div><div class="box__category-name"><div class="box__category-name-inner"><span class="category_name">쌀/잡곡</span></div></div></a></li><li class="list-item"><a href="best@categoryCode=100001008.html"><div class="img_sec"><img data-src="https://image.gmarket.co.kr/hanbando/202209/eb8b0652-724b-465a-800a-49436a3f5435.jpg" class="swiper-lazy" alt=""/></div><div class="box__category-name"><div class="box__category-name-inner"><span class="category_name">채소/두부</span></div></div></a></li><li class="list-item"><a href="best@categoryCode=100001010.html"><div class="img_sec"><img data-src="https://image.gmarket.co.kr/hanbando/202207/9ac23369-57e8-4299-889a-4f5360cd3c28.jpg" class="swiper-lazy" alt=""/></div><div class="box__category-name"><div class="box__category-name-inner"><span class="category_name">라면/즉석식품</span></div></div></a></li><li class="list-item"><a href="best@categoryCode=100001032.html"><div class="img_sec"><img data-src="https://image.gmarket.co.kr/hanbando/202207/a28bdf02-b436-4466-88de-d8f11ca54296.jpg" class="swiper-lazy" alt=""/></div><div class="box__category-name"><div class="box__category-name-inner"><span class="category_name">생수/음료</span></div></div></a></li></ul></div><div class="swiper-slide"><ul class="category_slide" aria-label="스마일프레시 베스트 메뉴"><li class="list-item"><a href="best@categoryCode=100001033.html"><div class="img_sec"><img data-src="https://image.gmarket.co.kr/hanbando/202207/fd43d2b2-4f77-4e2c-b5da-58d24b91d95b.jpg" class="swiper-lazy" alt=""/></div><div class="box__category-name"><div class="box__category-name-inner"><span class="category_name">과자/아이스크림</span></div></div></a></li><li class="list-item"><a href="best@categoryCode=100001034.html"><div class="img_sec"><img data-src="https://image.gmarket.co.kr/hanbando/202207/f5f1f7ed-e6a5-4ecd-ac66-aa87756158c2.jpg" class="swiper-lazy" alt=""/></div><div class="box__category-name"><div class="box__category-name-inner"><span class="category_name">우유/유제품</span></div></div></a></li><li class="list-item"><a href="best@categoryCode=100001035.html"><div class="img_sec"><img data-src="https://image.gmarket.co.kr/hanbando/202207/089a0e40-92de-4a0e-a8cb-2a18f78c5691.jpg" class="swiper-lazy" alt=""/></div><div class="box__category-name"><div class="box__category-name-inner"><span class="category_name">장류/양념</span></div></div></a></li><li class="list-item"><a href="best@categoryCode=100001036.html"><div class="img_sec"><img data-src="https://image.gmarket.co.kr/hanbando/202207/a5b62bcd-46b5-4059-bb1b-e01878b77ef4.jpg" class="swiper-lazy" alt=""/></div><div class="box__category-name"><div class="box__category-name-inner"><span class="category_name">화장지/위생</span></div></div></a></li><li class="list-item"><a href="best@categoryCode=100001037.html"><div class="img_sec"><img data-src="https://image.gmarket.co.kr/hanbando/202207/c5b6a09a-4955-4829-94d6-c62f818f2f34.jpg" class="swiper-lazy" alt=""/></div><div class="box__category-name"><div class="box__category-name-inner"><span class="category_name">커피/차</span></div></div></a></li><li class="list-item"><a href="best@categoryCode=100001038.html"><div class="img_sec"><img data-src="https://image.gmarket.co.kr/hanbando/202207/23143aa7-715d-4778-8b1e-ab87422a8d3a.jpg" class="swiper-lazy" alt=""/></div><div class="box__category-name"><div class="box__category-name-inner"><span class="category_name">수산물</span></div></div></a></li><li class="list-item"><a href="best@categoryCode=100001039.html"><div class="img_sec"><img data-src="https://image.gmarket.co.kr/hanbando/202207/85d41348-f077-4b90-b0ff-3599d16216b2.jpg" class="swiper-lazy" alt=""/></div><div class="box__category-name"><div class="box__category-name-inner"><span class="category_name">밀키트/반찬</span></div></div></a></li><li class="list-item"><a href="best@categoryCode=100002000.html"><div class="img_sec"><img data-src="https://image.gmarket.co.kr/hanbando/202208/ea1ecb73-6a2c-45f7-8a89-2e130b634a99.jpg" class="swiper-lazy" alt=""/></div><div class="box__category-name"><div class="box__category-name-inner"><span class="category_name">베이커리/잼</span></div></div></a></li><li class="list-item"><a href="best@categoryCode=100002001.html"><div class="img_sec"><img data-src="https://image.gmarket.co.kr/hanbando/202208/7088de74-301b-48ef-911c-f33ed6a22f9b.jpg" class="swiper-lazy" alt=""/></div><div class="box__category-name"><div class="box__category-name-inner"><span class="category_name">건강식품</span></div></div></a></li><li class="list-item list-item--active"><a aria-current="page" href="best@categoryCode=100002002.html"><div class="img_sec"><img data-src="https://image.gmarket.co.kr/hanbando/202208/39888525-4f61-453f-865c-83b6ca536b58.jpg" class="swiper-lazy" alt=""/></div><div class="box__category-name"><div class="box__category-name-inner"><span class="category_name">세탁/청소/욕실용품</span></div></div></a></li><li class="list-item"><a href="best@categoryCode=100002003.html"><div class="img_sec"><img data-src="https://image.gmarket.co.kr/hanbando/202208/a9484e1d-492e-4ab4-84db-1a387177dcbf.jpg" class="swiper-lazy" alt=""/></div><div class="box__category-name"><div class="box__category-name-inner"><span class="category_name">리빙</span></div></div></a></li><li class="list-item"><a href="best@categoryCode=100002004.html"><div class="img_sec"><img data-src="https://image.gmarket.co.kr/hanbando/202208/e0d7614a-763e-4d90-b696-b20c76e890ca.jpg" class="swiper-lazy" alt=""/></div><div class="box__category-name"><div class="box__category-name-inner"><span class="category_name">주방/일회용품</span></div></div></a></li></ul></div><div class="swiper-slide"><ul class="category_slide" aria-label="스마일프레시 베스트 메뉴"><li class="list-item"><a href="best@categoryCode=100002005.html"><div class="img_sec"><img data-src="https://image.gmarket.co.kr/hanbando/202208/231a3b36-5d05-467d-a33a-8651b9cf19c6.jpg" class="swiper-lazy" alt=""/></div><div class="box__category-name"><div class="box__category-name-inner"><span class="category_name">생활잡화/공구</span></div></div></a></li><li class="list-item"><a href="best@categoryCode=100002006.html"><div class="img_sec"><img data-src="https://image.gmarket.co.kr/hanbando/202208/692a0b18-2063-4f86-a0af-3f7bbee09696.jpg" class="swiper-lazy" alt=""/></div><div class="box__category-name"><div class="box__category-name-inner"><span class="category_name">반려동물</span></div></div></a></li><li class="list-item"><a href="best@categoryCode=100002007.html"><div class="img_sec"><img data-src="https://image.gmarket.co.kr/hanbando/202208/ba755a2e-4a11-472c-92f0-6b82f671b1f8.jpg" class="swiper-lazy" alt=""/></div><div class="box__category-name"><div class="box__category-name-inner"><span class="category_name">뷰티</span></div></div></a></li><li class="list-item"><a href="best@categoryCode=100002008.html"><div class="img_sec"><img data-src="https://image.gmarket.co.kr/hanbando/202208/fd6fb0fe-4f81-48ea-bec2-5cc37db6fa18.jpg" class="swiper-lazy" alt=""/></div><div class="box__category-name"><div class="box__category-name-inner"><span class="category_name">유아동/출산/완구</span></div></div></a></li><li class="list-item"><a href="best@categoryCode=100002009.html"><div class="img_sec"><img data-src="https://image.gmarket.co.kr/hanbando/202208/315ccf35-b333-4017-b664-ccb1ba966ef0.jpg" class="swiper-lazy" alt=""/></div><div class="box__category-name"><div class="box__category-name-inner"><span class="category_name">패션/언더웨어</span></div></div></a></li><li class="list-item"><a href="best@categoryCode=100002010.html"><div class="img_sec"><img data-src="https://image.gmarket.co.kr/hanbando/202208/30fc0d1d-ea15-4e02-8f50-f144d06423ca.jpg" class="swiper-lazy" alt=""/></div><div class="box__category-name"><div class="box__category-name-inner"><span class="category_name">잡화/슈즈/명품</span></div></div></a></li><li class="list-item"><a href="best@categoryCode=100002011.html"><div class="img_sec"><img data-src="https://image.gmarket.co.kr/hanbando/202208/fa99b668-5f13-496e-a62d-dce329ead7cc.jpg" class="swiper-lazy" alt=""/></div><div class="box__category-name"><div class="box__category-name-inner"><span class="category_name">스포츠/레저/자동차</span></div></div></a></li><li class="list-item"><a href="best@categoryCode=100002012.html"><div class="img_sec"><img data-src="https://image.gmarket.co.kr/hanbando/202208/f38a6d26-1cc0-4b33-bf23-f933c2190252.jpg" class="swiper-lazy" alt=""/></div><div class="box__category-name"><div class="box__category-name-inner"><span class="category_name">디지털/가전</span></div></div></a></li><li class="list-item"><a href="best@categoryCode=100002013.html"><div class="img_sec"><img data-src="https://image.gmarket.co.kr/hanbando/202208/edd14751-f54a-48ff-ae9a-15a33b10c06c.jpg" class="swiper-lazy" alt=""/></div><div class="box__category-name"><div class="box__category-name-inner"><span class="category_name">문구/취미/도서</span></div></div></a></li><li class="list-item"><a href="best.html"><div class="img_sec"><img data-src="//pics.gmarket.co.kr/pc/single/kr/smilefresh/image__category-all.png" class="swiper-lazy" alt=""/></div><div class="box__category-name"><div class="box__category-name-inner"><span class="category_name">전체</span></div></div></a></li><li class="list-item"><a href="best@categoryCode=100000000.html"><div class="img_sec"><img data-src="https://image.gmarket.co.kr/hanbando/202209/2f7e5c38-9606-4f1a-912e-f969e22f430f.jpg" class="swiper-lazy" alt=""/></div><div class="box__category-name"><div class="box__category-name-inner"><span class="category_name">정육/계란</span></div></div></a></li><li class="list-item"><a href="best@categoryCode=100001005.html"><div class="img_sec"><img data-src="https://image.gmarket.co.kr/hanbando/202207/efc9fa9b-b4d8-4eb4-b44d-dc8a47a8c00a.jpg" class="swiper-lazy" alt=""/></div><div class="box__category-name"><div class="box__category-name-inner"><span class="category_name">과일</span></div></div></a></li></ul></div><div class="swiper-slide"><ul class="category_slide" aria-label="스마일프레시 베스트 메뉴"><li class="list-item"><a href="best@categoryCode=100001006.html"><div class="img_sec"><img data-src="https://image.gmarket.co.kr/hanbando/202207/287cdcc7-47f4-4949-8cdf-2bfb4ff5522e.jpg" class="swiper-lazy" alt=""/></div><div class="box__category-name"><div class="box__category-name-inner"><span class="category_name">냉동/간편식</span></div></div></a></li><li class="list-item"><a href="best@categoryCode=100001007.html"><div class="img_sec"><img data-src="https://image.gmarket.co.kr/hanbando/202207/92c7e264-61a8-4e11-ab2b-d3ad8a7b3ab6.jpg" class="swiper-lazy" alt=""/></div><div class="box__category-name"><div class="box__category-name-inner"><span class="category_name">쌀/잡곡</span></div></div></a></li><li class="list-item"><a href="best@categoryCode=100001008.html"><div class="img_sec"><img data-src="https://image.gmarket.co.kr/hanbando/202209/eb8b0652-724b-465a-800a-49436a3f5435.jpg" class="swiper-lazy" alt=""/></div><div class="box__category-name"><div class="box__category-name-inner"><span class="category_name">채소/두부</span></div></div></a></li><li class="list-item"><a href="best@categoryCode=100001010.html"><div class="img_sec"><img data-src="https://image.gmarket.co.kr/hanbando/202207/9ac23369-57e8-4299-889a-4f5360cd3c28.jpg" class="swiper-lazy" alt=""/></div><div class="box__category-name"><div class="box__category-name-inner"><span class="category_name">라면/즉석식품</span></div></div></a></li><li class="list-item"><a href="best@categoryCode=100001032.html"><div class="img_sec"><img data-src="https://image.gmarket.co.kr/hanbando/202207/a28bdf02-b436-4466-88de-d8f11ca54296.jpg" class="swiper-lazy" alt=""/></div><div class="box__category-name"><div class="box__category-name-inner"><span class="category_name">생수/음료</span></div></div></a></li><li class="list-item"><a href="best@categoryCode=100001033.html"><div class="img_sec"><img data-src="https://image.gmarket.co.kr/hanbando/202207/fd43d2b2-4f77-4e2c-b5da-58d24b91d95b.jpg" class="swiper-lazy" alt=""/></div><div class="box__category-name"><div class="box__category-name-inner"><span class="category_name">과자/아이스크림</span></div></div></a></li><li class="list-item"><a href="best@categoryCode=100001034.html"><div class="img_sec"><img data-src="https://image.gmarket.co.kr/hanbando/202207/f5f1f7ed-e6a5-4ecd-ac66-aa87756158c2.jpg" class="swiper-lazy" alt=""/></div><div class="box__category-name"><div class="box__category-name-inner"><span class="category_name">우유/유제품</span></div></div></a></li><li class="list-item"><a href="best@categoryCode=100001035.html"><div class="img_sec"><img data-src="https://image.gmarket.co.kr/hanbando/202207/089a0e40-92de-4a0e-a8cb-2a18f78c5691.jpg" class="swiper-lazy" alt=""/></div><div class="box__category-name"><div class="box__category-name-inner"><span class="category_name">장류/양념</span></div></div></a></li><li class="list-item"><a href="best@categoryCode=100001036.html"><div class="img_sec"><img data-src="https://image.gmarket.co.kr/hanbando/202207/a5b62bcd-46b5-4059-bb1b-e01878b77ef4.jpg" class="swiper-lazy" alt=""/></div><div class="box__category-name"><div class="box__category-name-inner"><span class="category_name">화장지/위생</span></div></div></a></li><li class="list-item"><a href="best@categoryCode=100001037.html"><div class="img_sec"><img data-src="https://image.gmarket.co.kr/hanbando/202207/c5b6a09a-4955-4829-94d6-c62f818f2f34.jpg" class="swiper-lazy" alt=""/></div><div class="box__category-name"><div class="box__category-name-inner"><span class="category_name">커피/차</span></div></div></a></li><li class="list-item"><a href="best@categoryCode=100001038.html"><div class="img_sec"><img data-src="https://image.gmarket.co.kr/hanbando/202207/23143aa7-715d-4778-8b1e-ab87422a8d3a.jpg" class="swiper-lazy" alt=""/></div><div class="box__category-name"><div class="box__category-name-inner"><span class="category_name">수산물</span></div></div></a></li><li class="list-item"><a href="best@categoryCode=100001039.html"><div class="img_sec"><img data-src="https://image.gmarket.co.kr/hanbando/202207/85d41348-f077-4b90-b0ff-3599d16216b2.jpg" class="swiper-lazy" alt=""/></div><div class="box__category-name"><div class="box__category-name-inner"><span class="category_name">밀키트/반찬</span></div></div></a></li></ul></div><div class="swiper-slide"><ul class="category_slide" aria-label="스마일프레시 베스트 메뉴"><li class="list-item"><a href="best@categoryCode=100002000.html"><div class="img_sec"><img data-src="https://image.gmarket.co.kr/hanbando/202208/ea1ecb73-6a2c-45f7-8a89-2e130b634a99.jpg" class="swiper-lazy" alt=""/></div><div class="box__category-name"><div class="box__category-name-inner"><span class="category_name">베이커리/잼</span></div></div></a></li><li class="list-item"><a href="best@categoryCode=100002001.html"><div class="img_sec"><img data-src="https://image.gmarket.co.kr/hanbando/202208/7088de74-301b-48ef-911c-f33ed6a22f9b.jpg" class="swiper-lazy" alt=""/></div><div class="box__category-name"><div class="box__category-name-inner"><span class="category_name">건강식품</span></div></div></a></li><li class="list-item list-item--active"><a aria-current="page" href="best@categoryCode=100002002.html"><div class="img_sec"><img data-src="https://image.gmarket.co.kr/hanbando/202208/39888525-4f61-453f-865c-83b6ca536b58.jpg" class="swiper-lazy" alt=""/></div><div class="box__category-name"><div class="box__category-name-inner"><span class="category_name">세탁/청소/욕실용품</span></div></div></a></li><li class="list-item"><a href="best@categoryCode=100002003.html"><div class="img_sec"><img data-src="https://image.gmarket.co.kr/hanbando/202208/a9484e1d-492e-4ab4-84db-1a387177dcbf.jpg" class="swiper-lazy" alt=""/></div><div class="box__category-name"><div class="box__category-name-inner"><span class="category_name">리빙</span></div></div></a></li><li class="list-item"><a href="best@categoryCode=100002004.html"><div class="img_sec"><img data-src="https://image.gmarket.co.kr/hanbando/202208/e0d7614a-763e-4d90-b696-b20c76e890ca.jpg" class="swiper-lazy" alt=""/></div><div class="box__category-name"><div class="box__category-name-inner"><span class="category_name">주방/일회용품</span></div></div></a></li><li class="list-item"><a href="best@categoryCode=100002005.html"><div class="img_sec"><img data-src="https://image.gmarket.co.kr/hanbando/202208/231a3b36-5d05-467d-a33a-8651b9cf19c6.jpg" class="swiper-lazy" alt=""/></div><div class="box__category-name"><div class="box__category-name-inner"><span class="category_name">생활잡화/공구</span></div></div></a></li><li class="list-item"><a href="best@categoryCode=100002006.html"><div class="img_sec"><img data-src="https://image.gmarket.co.kr/hanbando/202208/692a0b18-2063-4f86-a0af-3f7bbee09696.jpg" class="swiper-lazy" alt=""/></div><div class="box__category-name"><div class="box__category-name-inner"><span class="category_name">반려동물</span></div></div></a></li><li class="list-item"><a href="best@categoryCode=100002007.html"><div class="img_sec"><img data-src="https://image.gmarket.co.kr/hanbando/202208/ba755a2e-4a11-472c-92f0-6b82f671b1f8.jpg" class="swiper-lazy" alt=""/></div><div class="box__category-name"><div class="box__category-name-inner"><span class="category_name">뷰티</span></div></div></a></li><li class="list-item"><a href="best@categoryCode=100002008.html"><div class="img_sec"><img data-src="https://image.gmarket.co.kr/hanbando/202208/fd6fb0fe-4f81-48ea-bec2-5cc37db6fa18.jpg" class="swiper-lazy" alt=""/></div><div class="box__category-name"><div class="box__category-name-inner"><span class="category_name">유아동/출산/완구</span></div></div></a></li><li class="list-item"><a href="best@categoryCode=100002009.html"><div class="img_sec"><img data-src="https://image.gmarket.co.kr/hanbando/202208/315ccf35-b333-4017-b664-ccb1ba966ef0.jpg" class="swiper-lazy" alt=""/></div><div class="box__category-name"><div class="box__category-name-inner"><span class="category_name">패션/언더웨어</span></div></div></a></li><li class="list-item"><a href="best@categoryCode=100002010.html"><div class="img_sec"><img data-src="https://image.gmarket.co.kr/hanbando/202208/30fc0d1d-ea15-4e02-8f50-f144d06423ca.jpg" class="swiper-lazy" alt=""/></div><div class="box__category-name"><div class="box__category-name-inner"><span class="category_name">잡화/슈즈/명품</span></div></div></a></li><li class="list-item"><a href="best@categoryCode=100002011.html"><div class="img_sec"><img data-src="https://image.gmarket.co.kr/hanbando/202208/fa99b668-5f13-496e-a62d-dce329ead7cc.jpg" class="swiper-lazy" alt=""/></div><div class="box__category-name"><div class="box__category-name-inner"><span class="category_name">스포츠/레저/자동차</span></div></div></a></li></ul></div><div class="swiper-slide"><ul class="category_slide" aria-label="스마일프레시 베스트 메뉴"><li class="list-item"><a href="best@categoryCode=100002012.html"><div class="img_sec"><img data-src="https://image.gmarket.co.kr/hanbando/202208/f38a6d26-1cc0-4b33-bf23-f933c2190252.jpg" class="swiper-lazy" alt=""/></div><div class="box__category-name"><div class="box__category-name-inner"><span class="category_name">디지털/가전</span></div></div></a></li><li class="list-item"><a href="best@categoryCode=100002013.html"><div class="img_sec"><img data-src="https://image.gmarket.co.kr/hanbando/202208/edd14751-f54a-48ff-ae9a-15a33b10c06c.jpg" class="swiper-lazy" alt=""/></div><div class="box__category-name"><div class="box__category-name-inner"><span class="category_name">문구/취미/도서</span></div></div></a></li><li class="list-item"><a href="best.html"><div class="img_sec"><img data-src="//pics.gmarket.co.kr/pc/single/kr/smilefresh/image__category-all.png" class="swiper-lazy" alt=""/></div><div class="box__category-name"><div class="box__category-name-inner"><span class="category_name">전체</span></div></div></a></li><li class="list-item"><a href="best@categoryCode=100000000.html"><div class="img_sec"><img data-src="https://image.gmarket.co.kr/hanbando/202209/2f7e5c38-9606-4f1a-912e-f969e22f430f.jpg" class="swiper-lazy" alt=""/></div><div class="box__category-name"><div class="box__category-name-inner"><span class="category_name">정육/계란</span></div></div></a></li><li class="list-item"><a href="best@categoryCode=100001005.html"><div class="img_sec"><img data-src="https://image.gmarket.co.kr/hanbando/202207/efc9fa9b-b4d8-4eb4-b44d-dc8a47a8c00a.jpg" class="swiper-lazy" alt=""/></div><div class="box__category-name"><div class="box__category-name-inner"><span class="category_name">과일</span></div></div></a></li><li class="list-item"><a href="best@categoryCode=100001006.html"><div class="img_sec"><img data-src="https://image.gmarket.co.kr/hanbando/202207/287cdcc7-47f4-4949-8cdf-2bfb4ff5522e.jpg" class="swiper-lazy" alt=""/></div><div class="box__category-name"><div class="box__category-name-inner"><span class="category_name">냉동/간편식</span></div></div></a></li><li class="list-item"><a href="best@categoryCode=100001007.html"><div class="img_sec"><img data-src="https://image.gmarket.co.kr/hanbando/202207/92c7e264-61a8-4e11-ab2b-d3ad8a7b3ab6.jpg" class="swiper-lazy" alt=""/></div><div class="box__category-name"><div class="box__category-name-inner"><span class="category_name">쌀/잡곡</span></div></div></a></li><li class="list-item"><a href="best@categoryCode=100001008.html"><div class="img_sec"><img data-src="https://image.gmarket.co.kr/hanbando/202209/eb8b0652-724b-465a-800a-49436a3f5435.jpg" class="swiper-lazy" alt=""/></div><div class="box__category-name"><div class="box__category-name-inner"><span class="category_name">채소/두부</span></div></div></a></li><li class="list-item"><a href="best@categoryCode=100001010.html"><div class="img_sec"><img data-src="https://image.gmarket.co.kr/hanbando/202207/9ac23369-57e8-4299-889a-4f5360cd3c28.jpg" class="swiper-lazy" alt=""/></div><div class="box__category-name"><div class="box__category-name-inner"><span class="category_name">라면/즉석식품</span></div></div></a></li><li class="list-item"><a href="best@categoryCode=100001032.html"><div class="img_sec"><img data-src="https://image.gmarket.co.kr/hanbando/202207/a28bdf02-b436-4466-88de-d8f11ca54296.jpg" class="swiper-lazy" alt=""/></div><div class="box__category-name"><div class="box__category-name-inner"><span class="category_name">생수/음료</span></div></div></a></li><li class="list-item"><a href="best@categoryCode=100001033.html"><div class="img_sec"><img data-src="https://image.gmarket.co.kr/hanbando/202207/fd43d2b2-4f77-4e2c-b5da-58d24b91d95b.jpg" class="swiper-lazy" alt=""/></div><div class="box__category-name"><div class="box__category-name-inner"><span class="category_name">과자/아이스크림</span></div></div></a></li><li class="list-item"><a href="best@categoryCode=100001034.html"><div class="img_sec"><img data-src="https://image.gmarket.co.kr/hanbando/202207/f5f1f7ed-e6a5-4ecd-ac66-aa87756158c2.jpg" class="swiper-lazy" alt=""/></div><div class="box__category-name"><div class="box__category-name-inner"><span class="category_name">우유/유제품</span></div></div></a></li></ul></div><div class="swiper-slide"><ul class="category_slide" aria-label="스마일프레시 베스트 메뉴"><li class="list-item"><a href="best@categoryCode=100001035.html"><div class="img_sec"><img data-src="https://image.gmarket.co.kr/hanbando/202207/089a0e40-92de-4a0e-a8cb-2a18f78c5691.jpg" class="swiper-lazy" alt=""/></div><div class="box__category-name"><div class="box__category-name-inner"><span class="category_name">장류/양념</span></div></div></a></li><li class="list-item"><a href="best@categoryCode=100001036.html"><div class="img_sec"><img data-src="https://image.gmarket.co.kr/hanbando/202207/a5b62bcd-46b5-4059-bb1b-e01878b77ef4.jpg" class="swiper-lazy" alt=""/></div><div class="box__category-name"><div class="box__category-name-inner"><span class="category_name">화장지/위생</span></div></div></a></li><li class="list-item"><a href="best@categoryCode=100001037.html"><div class="img_sec"><img data-src="https://image.gmarket.co.kr/hanbando/202207/c5b6a09a-4955-4829-94d6-c62f818f2f34.jpg" class="swiper-lazy" alt=""/></div><div class="box__category-name"><div class="box__category-name-inner"><span class="category_name">커피/차</span></div></div></a></li><li class="list-item"><a href="best@categoryCode=100001038.html"><div class="img_sec"><img data-src="https://image.gmarket.co.kr/hanbando/202207/23143aa7-715d-4778-8b1e-ab87422a8d3a.jpg" class="swiper-lazy" alt=""/></div><div class="box__category-name"><div class="box__category-name-inner"><span class="category_name">수산물</span></div></div></a></li><li class="list-item"><a href="best@categoryCode=100001039.html"><div class="img_sec"><img data-src="https://image.gmarket.co.kr/hanbando/202207/85d41348-f077-4b90-b0ff-3599d16216b2.jpg" class="swiper-lazy" alt=""/></div><div class="box__category-name"><div class="box__category-name-inner"><span class="category_name">밀키트/반찬</span></div></div></a></li><li class="list-item"><a href="best@categoryCode=100002000.html"><div class="img_sec"><img data-src="https://image.gmarket.co.kr/hanbando/202208/ea1ecb73-6a2c-45f7-8a89-2e130b634a99.jpg" class="swiper-lazy" alt=""/></div><div class="box__category-name"><div class="box__category-name-inner"><span class="category_name">베이커리/잼</span></div></div></a></li><li class="list-item"><a href="best@categoryCode=100002001.html"><div class="img_sec"><img data-src="https://image.gmarket.co.kr/hanbando/202208/7088de74-301b-48ef-911c-f33ed6a22f9b.jpg" class="swiper-lazy" alt=""/></div><div class="box__category-name"><div class="box__category-name-inner"><span class="category_name">건강식품</span></div></div></a></li><li class="list-item list-item--active"><a aria-current="page" href="best@categoryCode=100002002.html"><div class="img_sec"><img data-src="https://image.gmarket.co.kr/hanbando/202208/39888525-4f61-453f-865c-83b6ca536b58.jpg" class="swiper-lazy" alt=""/></div><div class="box__category-name"><div class="box__category-name-inner"><span class="category_name">세탁/청소/욕실용품</span></div></div></a></li><li class="list-item"><a href="best@categoryCode=100002003.html"><div class="img_sec"><img data-src="https://image.gmarket.co.kr/hanbando/202208/a9484e1d-492e-4ab4-84db-1a387177dcbf.jpg" class="swiper-lazy" alt=""/></div><div class="box__category-name"><div class="box__category-name-inner"><span class="category_name">리빙</span></div></div></a></li><li class="list-item"><a href="best@categoryCode=100002004.html"><div class="img_sec"><img data-src="https://image.gmarket.co.kr/hanbando/202208/e0d7614a-763e-4d90-b696-b20c76e890ca.jpg" class="swiper-lazy" alt=""/></div><div class="box__category-name"><div class="box__category-name-inner"><span class="category_name">주방/일회용품</span></div></div></a></li><li class="list-item"><a href="best@categoryCode=100002005.html"><div class="img_sec"><img data-src="https://image.gmarket.co.kr/hanbando/202208/231a3b36-5d05-467d-a33a-8651b9cf19c6.jpg" class="swiper-lazy" alt=""/></div><div class="box__category-name"><div class="box__category-name-inner"><span class="category_name">생활잡화/공구</span></div></div></a></li><li class="list-item"><a href="best@categoryCode=100002006.html"><div class="img_sec"><img data-src="https://image.gmarket.co.kr/hanbando/202208/692a0b18-2063-4f86-a0af-3f7bbee09696.jpg" class="swiper-lazy" alt=""/></div><div class="box__category-name"><div class="box__category-name-inner"><span class="category_name">반려동물</span></div></div></a></li></ul></div><div class="swiper-slide"><ul class="category_slide" aria-label="스마일프레시 베스트 메뉴"><li class="list-item"><a href="best@categoryCode=100002007.html"><div class="img_sec"><img data-src="https://image.gmarket.co.kr/hanbando/202208/ba755a2e-4a11-472c-92f0-6b82f671b1f8.jpg" class="swiper-lazy" alt=""/></div><div class="box__category-name"><div class="box__category-name-inner"><span class="category_name">뷰티</span></div></div></a></li><li class="list-item"><a href="best@categoryCode=100002008.html"><div class="img_sec"><img data-src="https://image.gmarket.co.kr/hanbando/202208/fd6fb0fe-4f81-48ea-bec2-5cc37db6fa18.jpg" class="swiper-lazy" alt=""/></div><div class="box__category-name"><div class="box__category-name-inner"><span class="category_name">유아동/출산/완구</span></div></div></a></li><li class="list-item"><a href="best@categoryCode=100002009.html"><div class="img_sec"><img data-src="https://image.gmarket.co.kr/hanbando/202208/315ccf35-b333-4017-b664-ccb1ba966ef0.jpg" class="swiper-lazy" alt=""/></div><div class="box__category-name"><div class="box__category-name-inner"><span class="category_name">패션/언더웨어</span></div></div></a></li><li class="list-item"><a href="best@categoryCode=100002010.html"><div class="img_sec"><img data-src="https://image.gmarket.co.kr/hanbando/202208/30fc0d1d-ea15-4e02-8f50-f144d06423ca.jpg" class="swiper-lazy" alt=""/></div><div class="box__category-name"><div class="box__category-name-inner"><span class="category_name">잡화/슈즈/명품</span></div></div></a></li><li class="list-item"><a href="best@categoryCode=100002011.html"><div class="img_sec"><img data-src="https://image.gmarket.co.kr/hanbando/202208/fa99b668-5f13-496e-a62d-dce329ead7cc.jpg" class="swiper-lazy" alt=""/></div><div class="box__category-name"><div class="box__category-name-inner"><span class="category_name">스포츠/레저/자동차</span></div></div></a></li><li class="list-item"><a href="best@categoryCode=100002012.html"><div class="img_sec"><img data-src="https://image.gmarket.co.kr/hanbando/202208/f38a6d26-1cc0-4b33-bf23-f933c2190252.jpg" class="swiper-lazy" alt=""/></div><div class="box__category-name"><div class="box__category-name-inner"><span class="category_name">디지털/가전</span></div></div></a></li><li class="list-item"><a href="best@categoryCode=100002013.html"><div class="img_sec"><img data-src="https://image.gmarket.co.kr/hanbando/202208/edd14751-f54a-48ff-ae9a-15a33b10c06c.jpg" class="swiper-lazy" alt=""/></div><div class="box__category-name"><div class="box__category-name-inner"><span class="category_name">문구/취미/도서</span></div></div></a></li><li class="list-item"><a href="best.html"><div class="img_sec"><img data-src="//pics.gmarket.co.kr/pc/single/kr/smilefresh/image__category-all.png" class="swiper-lazy" alt=""/></div><div class="box__category-name"><div class="box__category-name-inner"><span class="category_name">전체</span></div></div></a></li><li class="list-item"><a href="best@categoryCode=100000000.html"><div class="img_sec"><img data-src="https://image.gmarket.co.kr/hanbando/202209/2f7e5c38-9606-4f1a-912e-f969e22f430f.jpg" class="swiper-lazy" alt=""/></div><div class="box__category-name"><div class="box__category-name-inner"><span class="category_name">정육/계란</span></div></div></a></li><li class="list-item"><a href="best@categoryCode=100001005.html"><div class="img_sec"><img data-src="https://image.gmarket.co.kr/hanbando/202207/efc9fa9b-b4d8-4eb4-b44d-dc8a47a8c00a.jpg" class="swiper-lazy" alt=""/></div><div class="box__category-name"><div class="box__category-name-inner"><span class="category_name">과일</span></div></div></a></li><li class="list-item"><a href="best@categoryCode=100001006.html"><div class="img_sec"><img data-src="https://image.gmarket.co.kr/hanbando/202207/287cdcc7-47f4-4949-8cdf-2bfb4ff5522e.jpg" class="swiper-lazy" alt=""/></div><div class="box__category-name"><div class="box__category-name-inner"><span class="category_name">냉동/간편식</span></div></div></a></li><li class="list-item"><a href="best@categoryCode=100001007.html"><div class="img_sec"><img data-src="https://image.gmarket.co.kr/hanbando/202207/92c7e264-61a8-4e11-ab2b-d3ad8a7b3ab6.jpg" class="swiper-lazy" alt=""/></div><div class="box__category-name"><div class="box__category-name-inner"><span class="category_name">쌀/잡곡</span></div></div></a></li></ul></div><div class="swiper-slide"><ul class="category_slide" aria-label="스마일프레시 베스트 메뉴"><li class="list-item"><a href="best@categoryCode=100001008.html"><div class="img_sec"><img data-src="https://image.gmarket.co.kr/hanbando/202209/eb8b0652-724b-465a-800a-49436a3f5435.jpg" class="swiper-lazy" alt=""/></div><div class="box__category-name"><div class="box__category-name-inner"><span class="category_name">채소/두부</span></div></div></a></li><li class="list-item"><a href="best@categoryCode=100001010.html"><div class="img_sec"><img data-src="https://image.gmarket.co.kr/hanbando/202207/9ac23369-57e8-4299-889a-4f5360cd3c28.jpg" class="swiper-lazy" alt=""/></div><div class="box__category-name"><div class="box__category-name-inner"><span class="category_name">라면/즉석식품</span></div></div></a></li><li class="list-item"><a href="best@categoryCode=100001032.html"><div class="img_sec"><img data-src="https://image.gmarket.co.kr/hanbando/202207/a28bdf02-b436-4466-88de-d8f11ca54296.jpg" class="swiper-lazy" alt=""/></div><div class="box__category-name"><div class="box__category-name-inner"><span class="category_name">생수/음료</span></div></div></a></li><li class="list-item"><a href="best@categoryCode=100001033.html"><div class="img_sec"><img data-src="https://image.gmarket.co.kr/hanbando/202207/fd43d2b2-4f77-4e2c-b5da-58d24b91d95b.jpg" class="swiper-lazy" alt=""/></div><div class="box__category-name"><div class="box__category-name-inner"><span class="category_name">과자/아이스크림</span></div></div></a></li><li class="list-item"><a href="best@categoryCode=100001034.html"><div class="img_sec"><img data-src="https://image.gmarket.co.kr/hanbando/202207/f5f1f7ed-e6a5-4ecd-ac66-aa87756158c2.jpg" class="swiper-lazy" alt=""/></div><div class="box__category-name"><div class="box__category-name-inner"><span class="category_name">우유/유제품</span></div></div></a></li><li class="list-item"><a href="best@categoryCode=100001035.html"><div class="img_sec"><img data-src="https://image.gmarket.co.kr/hanbando/202207/089a0e40-92de-4a0e-a8cb-2a18f78c5691.jpg" class="swiper-lazy" alt=""/></div><div class="box__category-name"><div class="box__category-name-inner"><span class="category_name">장류/양념</span></div></div></a></li><li class="list-item"><a href="best@categoryCode=100001036.html"><div class="img_sec"><img data-src="https://image.gmarket.co.kr/hanbando/202207/a5b62bcd-46b5-4059-bb1b-e01878b77ef4.jpg" class="swiper-lazy" alt=""/></div><div class="box__category-name"><div class="box__category-name-inner"><span class="category_name">화장지/위생</span></div></div></a></li><li class="list-item"><a href="best@categoryCode=100001037.html"><div class="img_sec"><img data-src="https://image.gmarket.co.kr/hanbando/202207/c5b6a09a-4955-4829-94d6-c62f818f2f34.jpg" class="swiper-lazy" alt=""/></div><div class="box__category-name"><div class="box__category-name-inner"><span class="category_name">커피/차</span></div></div></a></li><li class="list-item"><a href="best@categoryCode=100001038.html"><div class="img_sec"><img data-src="https://image.gmarket.co.kr/hanbando/202207/23143aa7-715d-4778-8b1e-ab87422a8d3a.jpg" class="swiper-lazy" alt=""/></div><div class="box__category-name"><div class="box__category-name-inner"><span class="category_name">수산물</span></div></div></a></li><li class="list-item"><a href="best@categoryCode=100001039.html"><div class="img_sec"><img data-src="https://image.gmarket.co.kr/hanbando/202207/85d41348-f077-4b90-b0ff-3599d16216b2.jpg" class="swiper-lazy" alt=""/></div><div class="box__category-name"><div class="box__category-name-inner"><span class="category_name">밀키트/반찬</span></div></div></a></li><li class="list-item"><a href="best@categoryCode=100002000.html"><div class="img_sec"><img data-src="https://image.gmarket.co.kr/hanbando/202208/ea1ecb73-6a2c-45f7-8a89-2e130b634a99.jpg" class="swiper-lazy" alt=""/></div><div class="box__category-name"><div class="box__category-name-inner"><span class="category_name">베이커리/잼</span></div></div></a></li><li class="list-item"><a href="best@categoryCode=100002001.html"><div class="img_sec"><img data-src="https://image.gmarket.co.kr/hanbando/202208/7088de74-301b-48ef-911c-f33ed6a22f9b.jpg" class="swiper-lazy" alt=""/></div><div class="box__category-name"><div class="box__category-name-inner"><span class="category_name">건강식품</span></div></div></a></li></ul></div><div class="swiper-slide"><ul class="category_slide" aria-label="스마일프레시 베스트 메뉴"><li class="list-item list-item--active"><a aria-current="page" href="best@categoryCode=100002002.html"><div class="img_sec"><img data-src="https://image.gmarket.co.kr/hanbando/202208/39888525-4f61-453f-865c-83b6ca536b58.jpg" class="swiper-lazy" alt=""/></div><div class="box__category-name"><div class="box__category-name-inner"><span class="category_name">세탁/청소/욕실용품</span></div></div></a></li><li class="list-item"><a href="best@categoryCode=100002003.html"><div class="img_sec"><img data-src="https://image.gmarket.co.kr/hanbando/202208/a9484e1d-492e-4ab4-84db-1a387177dcbf.jpg" class="swiper-lazy" alt=""/></div><div class="box__category-name"><div class="box__category-name-inner"><span class="category_name">리빙</span></div></div></a></li><li class="list-item"><a href="best@categoryCode=100002004.html"><div class="img_sec"><img data-src="https://image.gmarket.co.kr/hanbando/202208/e0d7614a-763e-4d90-b696-b20c76e890ca.jpg" class="swiper-lazy" alt=""/></div><div class="box__category-name"><div class="box__category-name-inner"><span class="category_name">주방/일회용품</span></div></div></a></li><li class="list-item"><a href="best@categoryCode=100002005.html"><div class="img_sec"><img data-src="https://image.gmarket.co.kr/hanbando/202208/231a3b36-5d05-467d-a33a-8651b9cf19c6.jpg" class="swiper-lazy" alt=""/></div><div class="box__category-name"><div class="box__category-name-inner"><span class="category_name">생활잡화/공구</span></div></div></a></li><li class="list-item"><a href="best@categoryCode=100002006.html"><div class="img_sec"><img data-src="https://image.gmarket.co.kr/hanbando/202208/692a0b18-2063-4f86-a0af-3f7bbee09696.jpg" class="swiper-lazy" alt=""/></div><div class="box__category-name"><div class="box__category-name-inner"><span class="category_name">반려동물</span></div></div></a></li><li class="list-item"><a href="best@categoryCode=100002007.html"><div class="img_sec"><img data-src="https://image.gmarket.co.kr/hanbando/202208/ba755a2e-4a11-472c-92f0-6b82f671b1f8.jpg" class="swiper-lazy" alt=""/></div><div class="box__category-name"><div class="box__category-name-inner"><span class="category_name">뷰티</span></div></div></a></li><li class="list-item"><a href="best@categoryCode=100002008.html"><div class="img_sec"><img data-src="https://image.gmarket.co.kr/hanbando/202208/fd6fb0fe-4f81-48ea-bec2-5cc37db6fa18.jpg" class="swiper-lazy" alt=""/></div><div class="box__category-name"><div class="box__category-name-inner"><span class="category_name">유아동/출산/완구</span></div></div></a></li><li class="list-item"><a href="best@categoryCode=100002009.html"><div class="img_sec"><img data-src="https://image.gmarket.co.kr/hanbando/202208/315ccf35-b333-4017-b664-ccb1ba966ef0.jpg" class="swiper-lazy" alt=""/></div><div class="box__category-name"><div class="box__category-name-inner"><span class="category_name">패션/언더웨어</span></div></div></a></li><li class="list-item"><a href="best@categoryCode=100002010.html"><div class="img_sec"><img data-src="https://image.gmarket.co.kr/hanbando/202208/30fc0d1d-ea15-4e02-8f50-f144d06423ca.jpg" class="swiper-lazy" alt=""/></div><div class="box__category-name"><div class="box__category-name-inner"><span class="category_name">잡화/슈즈/명품</span></div></div></a></li><li class="list-item"><a href="best@categoryCode=100002011.html"><div class="img_sec"><img data-src="https://image.gmarket.co.kr/hanbando/202208/fa99b668-5f13-496e-a62d-dce329ead7cc.jpg" class="swiper-lazy" alt=""/></div><div class="box__category-name"><div class="box__category-name-inner"><span class="category_name">스포츠/레저/자동차</span></div></div></a></li><li class="list-item"><a href="best@categoryCode=100002012.html"><div class="img_sec"><img data-src="https://image.gmarket.co.kr/hanbando/202208/f38a6d26-1cc0-4b33-bf23-f933c2190252.jpg" class="swiper-lazy" alt=""/></div><div class="box__category-name"><div class="box__category-name-inner"><span class="category_name">디지털/가전</span></div></div></a></li><li class="list-item"><a href="best@categoryCode=100002013.html"><div class="img_sec"><img data-src="https://image.gmarket.co.kr/hanbando/202208/edd14751-f54a-48ff-ae9a-15a33b10c06c.jpg" class="swiper-lazy" alt=""/></div><div class="box__category-name"><div class="box__category-name-inner"><span class="category_name">문구/취미/도서</span></div></div></a></li></ul></div></div></div></div><div class="nav"><button type="button" class="sprite__smilefresh swiper-button-prev prev" aria-label="이전 슬라이드"></button><button type="button" class="sprite__smilefresh swiper-button-next next" aria-label="다음 슬라이드"></button></div></div></div></div><div class="box__smilefresh-inner"><div class="box__itemcard"><div class="box__items-list"><ul class="list__itemcard-slide"><li class="list-item"><div class="box__itemcard-container"><div class="box__itemcard-body"><div class="box__itemcard-inner"><span class="box__thumbnail__label">1</span><a class="link__itemcard" href="https://item.gmarket.co.kr/Item?goodscode=2971353719" tabindex="-1" aria-hidden="true"><span class="box__itemcard-img"><img class="image__itemcard no-js-400?ver=1725131007" src="data:image/gif;base64,R0lGODlhAQABAIAAAP///wAAACH5BAEAAAAALAAAAAABAAEAAAICRAEAOw==" alt="액츠 퍼펙트 실내건조 (겸용)3L - 상품 이미지"/><noscript><style>.no-js-400?ver=1725131007 { display: none !important; }</style><img class="image__itemcard" src="https://gdimg.gmarket.co.kr/2971353719/still/400?ver=1725131007" alt="액츠 퍼펙트 실내건조 (겸용)3L - 상품 이미지"/></noscript></span></a><div class="box__itemcard-info"><div class="box__element-info"><div class="element-info-qty"><button aria-describedby="itemCard_title_2971353719" class="sprite__smilefresh--before element-info-qty-minus" aria-disabled="true"><span class="for-a11y">상품 수 <!-- -->1<!-- --> 감소</span></button><span class="element-info-item-qty" aria-describedby="itemCard_title_2971353719"><span class="for-a11y">선택된 수량</span> <!-- -->1</span><button aria-describedby="itemCard_title_2971353719" class="sprite__smilefresh--before element-info-qty-plus"><span class="for-a11y">상품 수 <!-- -->1<!-- --> 증가</span></button></div><button type="button" class="sprite__smilefresh--before element-info-cart" aria-describedby="itemCard_title_2971353719"><span class="for-a11y">장바구니 담기</span></button></div><a href="https://item.gmarket.co.kr/Item?goodscode=2971353719" class="link__itemcard-info"><span class="box__itemcard-title-area" id="itemCard_title_2971353719"><span class="text__brand"><span class="text">피죤</span></span><span class="text__title" id="item_title">액츠 퍼펙트 실내건조 (겸용)3L</span></span><span class="box__itemcard-price-area"><span class="box__price-seller"><span class="for-a11y">판매가</span><strong class="text__price-seller">11,900</strong><span class="text__unit">원</span></span><span class="box__prime-cost"><span class="for-a11y">원가</span><span class="text__unit-cost">(<!-- -->100mL당 397원<!-- -->)</span></span></span><span class="box__itemcard-info-score"><span class="sprite__smilefresh--before box__score-awards"><span class="for-a11y">평점</span><span class="text text__score">4.8</span><span class="for-a11y">후기</span><span class="text text__num">(594)</span><span class="for-a11y">건</span></span><span class="box__score-buycnt"><span class="text text__buy">구매</span><span class="text text__num">2,867</span><span class="for-a11y">건</span></span></span><span class="box__itemcard-benefit-tag"><span class="box__tag box__tag-coupon"><span class="sprite__smilefresh--before box__inner">15% 쿠폰</span></span></span></a><button type="button" class="sprite__smilefresh--after button__favorite-item" aria-describedby="itemCard_title_2971353719" aria-pressed="false" aria-label="관심상품 등록하기"></button></div></div></div></div></li><li class="list-item"><div class="box__itemcard-container"><div class="box__itemcard-body"><div class="box__itemcard-inner"><span class="box__thumbnail__label">2</span><a class="link__itemcard" href="https://item.gmarket.co.kr/Item?goodscode=2519111485" tabindex="-1" aria-hidden="true"><span class="box__itemcard-img"><img class="image__itemcard no-js-400?ver=1717255641" src="data:image/gif;base64,R0lGODlhAQABAIAAAP///wAAACH5BAEAAAAALAAAAAABAAEAAAICRAEAOw==" alt="노브랜드 더 경제적인 주방 세제 4L - 상품 이미지"/><noscript><style>.no-js-400?ver=1717255641 { display: none !important; }</style><img class="image__itemcard" src="https://gdimg.gmarket.co.kr/2519111485/still/400?ver=1717255641" alt="노브랜드 더 경제적인 주방 세제 4L - 상품 이미지"/></noscript></span></a><div class="box__itemcard-info"><div class="box__element-info"><div class="element-info-qty"><button aria-describedby="itemCard_title_2519111485" class="sprite__smilefresh--before element-info-qty-minus" aria-disabled="true"><span class="for-a11y">상품 수 <!-- -->1<!-- --> 감소</span></button><span class="element-info-item-qty" aria-describedby="itemCard_title_2519111485"><span class="for-a11y">선택된 수량</span> <!-- -->1</span><button aria-describedby="itemCard_title_2519111485" class="sprite__smilefresh--before element-info-qty-plus"><span class="for-a11y">상품 수 <!-- -->1<!-- --> 증가</span></button></div><button type="button" class="sprite__smilefresh--before element-info-cart" aria-describedby="itemCard_title_2519111485"><span class="for-a11y">장바구니 담기</span></button></div><a href="https://item.gmarket.co.kr/Item?goodscode=2519111485" class="link__itemcard-info"><span class="box__itemcard-title-area" id="itemCard_title_2519111485"><span class="text__brand"><span class="text">노브랜드</span></span><span class="text__title" id="item_title">노브랜드 더 경제적인 주방 세제 4L</span></span><span class="box__itemcard-price-area"><span class="box__price-seller"><span class="for-a11y">판매가</span><strong class="text__price-seller">4,980</strong><span class="text__unit">원</span></span><span class="box__prime-cost"><span class="for-a11y">원가</span><span class="text__unit-cost">(<!-- -->100mL당 125원<!-- -->)</span></span></span><span class="box__itemcard-info-score"><span class="sprite__smilefresh--before box__score-awards"><span class="for-a11y">평점</span><span class="text text__score">4.8</span><span class="for-a11y">후기</span><span class="text text__num">(4,850)</span><span class="for-a11y">건</span></span><span class="box__score-buycnt"><span class="text text__buy">구매</span><span class="text text__num">12,392</span><span class="for-a11y">건</span></span></span></a><button type="button" class="sprite__smilefresh--after button__favorite-item" aria-describedby="itemCard_title_2519111485" aria-pressed="false" aria-label="관심상품 등록하기"></button></div></div></div></div></li><li class="list-item"><div class="box__itemcard-container"><div class="box__itemcard-body"><div class="box__itemcard-inner"><span class="box__thumbnail__label">3</span><a class="link__itemcard" href="https://item.gmarket.co.kr/Item?goodscode=2522670937" tabindex="-1" aria-hidden="true"><span class="box__itemcard-img"><img class="image__itemcard no-js-400?ver=1725104904" src="data:image/gif;base64,R0lGODlhAQABAIAAAP///wAAACH5BAEAAAAALAAAAAABAAEAAAICRAEAOw==" alt="유한락스 욕실청소용 900ml2 - 상품 이미지"/><noscript><style>.no-js-400?ver=1725104904 { display: none !important; }</style><img class="image__itemcard" src="https://gdimg.gmarket.co.kr/2522670937/still/400?ver=1725104904" alt="유한락스 욕실청소용 900ml2 - 상품 이미지"/></noscript></span></a><div class="box__itemcard-info"><div class="box__element-info"><div class="element-info-qty"><button aria-describedby="itemCard_title_2522670937" class="sprite__smilefresh--before element-info-qty-minus" aria-disabled="true"><span class="for-a11y">상품 수 <!-- -->1<!-- --> 감소</span></button><span class="element-info-item-qty" aria-describedby="itemCard_title_2522670937"><span class="for-a11y">선택된 수량</span> <!-- -->1</span><button aria-describedby="itemCard_title_2522670937" class="sprite__smilefresh--before element-info-qty-plus"><span class="for-a11y">상품 수 <!-- -->1<!-- --> 증가</span></button></div><button type="button" class="sprite__smilefresh--before element-info-cart" aria-describedby="itemCard_title_2522670937"><span class="for-a11y">장바구니 담기</span></button></div><a href="https://item.gmarket.co.kr/Item?goodscode=2522670937" class="link__itemcard-info"><span class="box__itemcard-title-area" id="itemCard_title_2522670937"><span class="text__brand"><span class="text">유한락스</span></span><span class="text__title" id="item_title">유한락스 욕실청소용 900ml2</span></span><span class="box__itemcard-price-area"><span class="box__price-seller"><span class="for-a11y">판매가</span><strong class="text__price-seller">7,900</strong><span class="text__unit">원</span></span><span class="box__prime-cost"><span class="for-a11y">원가</span><span class="text__unit-cost">(<!-- -->100mL당 439원<!-- -->)</span></span></span><span class="box__itemcard-info-score"><span class="sprite__smilefresh--before box__score-awards"><span class="for-a11y">평점</span><span class="text text__score">4.8</span><span class="for-a11y">후기</span><span class="text text__num">(2,046)</span><span class="for-a11y">건</span></span><span class="box__score-buycnt"><span class="text text__buy">구매</span><span class="text text__num">6,837</span><span class="for-a11y">건</span></span></span><span class="box__itemcard-benefit-tag"><span class="box__tag box__tag-coupon"><span class="sprite__smilefresh--before box__inner">15% 쿠폰</span></span></span></a><button type="button" class="sprite__smilefresh--after button__favorite-item" aria-describedby="itemCard_title_2522670937" aria-pressed="false" aria-label="관심상품 등록하기"></button></div></div></div></div></li><li class="list-item"><div class="box__itemcard-container"><div class="box__itemcard-body"><div class="box__itemcard-inner"><span class="box__thumbnail__label">4</span><a class="link__itemcard" href="https://item.gmarket.co.kr/Item?goodscode=2971361053" tabindex="-1" aria-hidden="true"><span class="box__itemcard-img"><img class="image__itemcard no-js-400?ver=1725342609" src="data:image/gif;base64,R0lGODlhAQABAIAAAP///wAAACH5BAEAAAAALAAAAAABAAEAAAICRAEAOw==" alt="퍼실 디스크 캡슐세제 26개(파워젤) - 상품 이미지"/><noscript><style>.no-js-400?ver=1725342609 { display: none !important; }</style><img class="image__itemcard" src="https://gdimg.gmarket.co.kr/2971361053/still/400?ver=1725342609" alt="퍼실 디스크 캡슐세제 26개(파워젤) - 상품 이미지"/></noscript></span></a><div class="box__itemcard-info"><div class="box__element-info"><div class="element-info-qty"><button aria-describedby="itemCard_title_2971361053" class="sprite__smilefresh--before element-info-qty-minus" aria-disabled="true"><span class="for-a11y">상품 수 <!-- -->1<!-- --> 감소</span></button><span class="element-info-item-qty" aria-describedby="itemCard_title_2971361053"><span class="for-a11y">선택된 수량</span> <!-- -->1</span><button aria-describedby="itemCard_title_2971361053" class="sprite__smilefresh--before element-info-qty-plus"><span class="for-a11y">상품 수 <!-- -->1<!-- --> 증가</span></button></div><button type="button" class="sprite__smilefresh--before element-info-cart" aria-describedby="itemCard_title_2971361053"><span class="for-a11y">장바구니 담기</span></button></div><a href="https://item.gmarket.co.kr/Item?goodscode=2971361053" class="link__itemcard-info"><span class="box__itemcard-title-area" id="itemCard_title_2971361053"><span class="text__brand"><span class="text">퍼실</span></span><span class="text__title" id="item_title">퍼실 디스크 캡슐세제 26개(파워젤)</span></span><span class="box__itemcard-price-area"><span class="box__price-seller"><span class="for-a11y">판매가</span><strong class="text__price-seller">25,900</strong><span class="text__unit">원</span></span></span><span class="box__itemcard-info-score"><span class="sprite__smilefresh--before box__score-awards"><span class="for-a11y">평점</span><span class="text text__score">4.8</span><span class="for-a11y">후기</span><span class="text text__num">(156)</span><span class="for-a11y">건</span></span><span class="box__score-buycnt"><span class="text text__buy">구매</span><span class="text text__num">815</span><span class="for-a11y">건</span></span></span><span class="box__itemcard-benefit-tag"><span class="box__tag box__tag-coupon"><span class="sprite__smilefresh--before box__inner">15% 쿠폰</span></span></span></a><button type="button" class="sprite__smilefresh--after button__favorite-item" aria-describedby="itemCard_title_2971361053" aria-pressed="false" aria-label="관심상품 등록하기"></button></div></div></div></div></li><li class="list-item"><div class="box__itemcard-container"><div class="box__itemcard-body"><div class="box__itemcard-inner"><span class="box__thumbnail__label">5</span><a class="link__itemcard" href="https://item.gmarket.co.kr/Item?goodscode=2523334330" tabindex="-1" aria-hidden="true"><span class="box__itemcard-img"><img class="image__itemcard no-js-400?ver=1725088108" src="data:image/gif;base64,R0lGODlhAQABAIAAAP///wAAACH5BAEAAAAALAAAAAABAAEAAAICRAEAOw==" alt="홈스타 락스와 세제 후로랄 파인 (750ml) - 상품 이미지"/><noscript><style>.no-js-400?ver=1725088108 { display: none !important; }</style><img class="image__itemcard" src="https://gdimg.gmarket.co.kr/2523334330/still/400?ver=1725088108" alt="홈스타 락스와 세제 후로랄 파인 (750ml) - 상품 이미지"/></noscript></span></a><div class="box__itemcard-info"><div class="box__element-info"><div class="element-info-qty"><button aria-describedby="itemCard_title_2523334330" class="sprite__smilefresh--before element-info-qty-minus" aria-disabled="true"><span class="for-a11y">상품 수 <!-- -->1<!-- --> 감소</span></button><span class="element-info-item-qty" aria-describedby="itemCard_title_2523334330"><span class="for-a11y">선택된 수량</span> <!-- -->1</span><button aria-describedby="itemCard_title_2523334330" class="sprite__smilefresh--before element-info-qty-plus"><span class="for-a11y">상품 수 <!-- -->1<!-- --> 증가</span></button></div><button type="button" class="sprite__smilefresh--before element-info-cart" aria-describedby="itemCard_title_2523334330"><span class="for-a11y">장바구니 담기</span></button></div><a href="https://item.gmarket.co.kr/Item?goodscode=2523334330" class="link__itemcard-info"><span class="box__itemcard-title-area" id="itemCard_title_2523334330"><span class="text__brand"><span class="text">홈스타</span></span><span class="text__title" id="item_title">홈스타 락스와 세제 후로랄 파인 (750ml)</span></span><span class="box__itemcard-price-area"><span class="box__price-seller"><span class="for-a11y">판매가</span><strong class="text__price-seller">4,500</strong><span class="text__unit">원</span></span><span class="box__prime-cost"><span class="for-a11y">원가</span><span class="text__unit-cost">(<!-- -->100mL당 600원<!-- -->)</span></span></span><span class="box__itemcard-info-score"><span class="sprite__smilefresh--before box__score-awards"><span class="for-a11y">평점</span><span class="text text__score">4.7</span><span class="for-a11y">후기</span><span class="text text__num">(687)</span><span class="for-a11y">건</span></span><span class="box__score-buycnt"><span class="text text__buy">구매</span><span class="text text__num">4,708</span><span class="for-a11y">건</span></span></span><span class="box__itemcard-benefit-tag"><span class="box__tag box__tag-coupon"><span class="sprite__smilefresh--before box__inner">15% 쿠폰</span></span></span></a><button type="button" class="sprite__smilefresh--after button__favorite-item" aria-describedby="itemCard_title_2523334330" aria-pressed="false" aria-label="관심상품 등록하기"></button></div></div></div></div></li><li class="list-item"><div class="box__itemcard-container"><div class="box__itemcard-body"><div class="box__itemcard-inner"><span class="box__thumbnail__label">6</span><a class="link__itemcard" href="https://item.gmarket.co.kr/Item?goodscode=2518884966" tabindex="-1" aria-hidden="true"><span class="box__itemcard-img"><img class="image__itemcard no-js-400?ver=1725113372" src="data:image/gif;base64,R0lGODlhAQABAIAAAP///wAAACH5BAEAAAAALAAAAAABAAEAAAICRAEAOw==" alt="노브랜드 깨끗한 락스4.3L - 상품 이미지"/><noscript><style>.no-js-400?ver=1725113372 { display: none !important; }</style><img class="image__itemcard" src="https://gdimg.gmarket.co.kr/2518884966/still/400?ver=1725113372" alt="노브랜드 깨끗한 락스4.3L - 상품 이미지"/></noscript></span></a><div class="box__itemcard-info"><div class="box__element-info"><div class="element-info-qty"><button aria-describedby="itemCard_title_2518884966" class="sprite__smilefresh--before element-info-qty-minus" aria-disabled="true"><span class="for-a11y">상품 수 <!-- -->1<!-- --> 감소</span></button><span class="element-info-item-qty" aria-describedby="itemCard_title_2518884966"><span class="for-a11y">선택된 수량</span> <!-- -->1</span><button aria-describedby="itemCard_title_2518884966" class="sprite__smilefresh--before element-info-qty-plus"><span class="for-a11y">상품 수 <!-- -->1<!-- --> 증가</span></button></div><button type="button" class="sprite__smilefresh--before element-info-cart" aria-describedby="itemCard_title_2518884966"><span class="for-a11y">장바구니 담기</span></button></div><a href="https://item.gmarket.co.kr/Item?goodscode=2518884966" class="link__itemcard-info"><span class="box__itemcard-title-area" id="itemCard_title_2518884966"><span class="text__brand"><span class="text">노브랜드</span></span><span class="text__title" id="item_title">노브랜드 깨끗한 락스4.3L</span></span><span class="box__itemcard-price-area"><span class="box__price-seller"><span class="for-a11y">판매가</span><strong class="text__price-seller">3,580</strong><span class="text__unit">원</span></span><span class="box__prime-cost"><span class="for-a11y">원가</span><span class="text__unit-cost">(<!-- -->100mL당 83원<!-- -->)</span></span></span><span class="box__itemcard-info-score"><span class="sprite__smilefresh--before box__score-awards"><span class="for-a11y">평점</span><span class="text text__score">4.7</span><span class="for-a11y">후기</span><span class="text text__num">(4,411)</span><span class="for-a11y">건</span></span><span class="box__score-buycnt"><span class="text text__buy">구매</span><span class="text text__num">11,566</span><span class="for-a11y">건</span></span></span></a><button type="button" class="sprite__smilefresh--after button__favorite-item" aria-describedby="itemCard_title_2518884966" aria-pressed="false" aria-label="관심상품 등록하기"></button></div></div></div></div></li><li class="list-item"><div class="box__itemcard-container"><div class="box__itemcard-body"><div class="box__itemcard-inner"><span class="box__thumbnail__label">7</span><a class="link__itemcard" href="https://item.gmarket.co.kr/Item?goodscode=2519396485" tabindex="-1" aria-hidden="true"><span class="box__itemcard-img"><img class="image__itemcard no-js-400?ver=1725123287" src="data:image/gif;base64,R0lGODlhAQABAIAAAP///wAAACH5BAEAAAAALAAAAAABAAEAAAICRAEAOw==" alt="노브랜드 세탁세제 4L(일반/드럼 겸용) - 상품 이미지"/><noscript><style>.no-js-400?ver=1725123287 { display: none !important; }</style><img class="image__itemcard" src="https://gdimg.gmarket.co.kr/2519396485/still/400?ver=1725123287" alt="노브랜드 세탁세제 4L(일반/드럼 겸용) - 상품 이미지"/></noscript></span></a><div class="box__itemcard-info"><div class="box__element-info"><div class="element-info-qty"><button aria-describedby="itemCard_title_2519396485" class="sprite__smilefresh--before element-info-qty-minus" aria-disabled="true"><span class="for-a11y">상품 수 <!-- -->1<!-- --> 감소</span></button><span class="element-info-item-qty" aria-describedby="itemCard_title_2519396485"><span class="for-a11y">선택된 수량</span> <!-- -->1</span><button aria-describedby="itemCard_title_2519396485" class="sprite__smilefresh--before element-info-qty-plus"><span class="for-a11y">상품 수 <!-- -->1<!-- --> 증가</span></button></div><button type="button" class="sprite__smilefresh--before element-info-cart" aria-describedby="itemCard_title_2519396485"><span class="for-a11y">장바구니 담기</span></button></div><a href="https://item.gmarket.co.kr/Item?goodscode=2519396485" class="link__itemcard-info"><span class="box__itemcard-title-area" id="itemCard_title_2519396485"><span class="text__brand"><span class="text">노브랜드</span></span><span class="text__title" id="item_title">노브랜드 세탁세제 4L(일반/드럼 겸용)</span></span><span class="box__itemcard-price-area"><span class="box__price-seller"><span class="for-a11y">판매가</span><strong class="text__price-seller">4,980</strong><span class="text__unit">원</span></span><span class="box__prime-cost"><span class="for-a11y">원가</span><span class="text__unit-cost">(<!-- -->100mL당 125원<!-- -->)</span></span></span><span class="box__itemcard-info-score"><span class="sprite__smilefresh--before box__score-awards"><span class="for-a11y">평점</span><span class="text text__score">4.8</span><span class="for-a11y">후기</span><span class="text text__num">(2,504)</span><span class="for-a11y">건</span></span><span class="box__score-buycnt"><span class="text text__buy">구매</span><span class="text text__num">7,764</span><span class="for-a11y">건</span></span></span></a><button type="button" class="sprite__smilefresh--after button__favorite-item" aria-describedby="itemCard_title_2519396485" aria-pressed="false" aria-label="관심상품 등록하기"></button></div></div></div></div></li><li class="list-item"><div class="box__itemcard-container"><div class="box__itemcard-body"><div class="box__itemcard-inner"><span class="box__thumbnail__label">8</span><a class="link__itemcard" href="https://item.gmarket.co.kr/Item?goodscode=2518944885" tabindex="-1" aria-hidden="true"><span class="box__itemcard-img"><img class="image__itemcard no-js-400?ver=1725112463" src="data:image/gif;base64,R0lGODlhAQABAIAAAP///wAAACH5BAEAAAAALAAAAAABAAEAAAICRAEAOw==" alt="프릴 그린파워 레몬그라스 1L - 상품 이미지"/><noscript><style>.no-js-400?ver=1725112463 { display: none !important; }</style><img class="image__itemcard" src="https://gdimg.gmarket.co.kr/2518944885/still/400?ver=1725112463" alt="프릴 그린파워 레몬그라스 1L - 상품 이미지"/></noscript></span></a><div class="box__itemcard-info"><div class="box__element-info"><div class="element-info-qty"><button aria-describedby="itemCard_title_2518944885" class="sprite__smilefresh--before element-info-qty-minus" aria-disabled="true"><span class="for-a11y">상품 수 <!-- -->1<!-- --> 감소</span></button><span class="element-info-item-qty" aria-describedby="itemCard_title_2518944885"><span class="for-a11y">선택된 수량</span> <!-- -->1</span><button aria-describedby="itemCard_title_2518944885" class="sprite__smilefresh--before element-info-qty-plus"><span class="for-a11y">상품 수 <!-- -->1<!-- --> 증가</span></button></div><button type="button" class="sprite__smilefresh--before element-info-cart" aria-describedby="itemCard_title_2518944885"><span class="for-a11y">장바구니 담기</span></button></div><a href="https://item.gmarket.co.kr/Item?goodscode=2518944885" class="link__itemcard-info"><span class="box__itemcard-title-area" id="itemCard_title_2518944885"><span class="text__brand"><span class="text">프릴</span></span><span class="text__title" id="item_title">프릴 그린파워 레몬그라스 1L</span></span><span class="box__itemcard-price-area"><span class="box__price-seller"><span class="for-a11y">판매가</span><strong class="text__price-seller">6,900</strong><span class="text__unit">원</span></span><span class="box__prime-cost"><span class="for-a11y">원가</span><span class="text__unit-cost">(<!-- -->100mL당 690원<!-- -->)</span></span></span><span class="box__itemcard-info-score"><span class="sprite__smilefresh--before box__score-awards"><span class="for-a11y">평점</span><span class="text text__score">4.8</span><span class="for-a11y">후기</span><span class="text text__num">(240)</span><span class="for-a11y">건</span></span><span class="box__score-buycnt"><span class="text text__buy">구매</span><span class="text text__num">1,559</span><span class="for-a11y">건</span></span></span><span class="box__itemcard-benefit-tag"><span class="box__tag box__tag-coupon"><span class="sprite__smilefresh--before box__inner">15% 쿠폰</span></span></span></a><button type="button" class="sprite__smilefresh--after button__favorite-item" aria-describedby="itemCard_title_2518944885" aria-pressed="false" aria-label="관심상품 등록하기"></button></div></div></div></div></li><li class="list-item"><div class="box__itemcard-container"><div class="box__itemcard-body"><div class="box__itemcard-inner"><span class="box__thumbnail__label">9</span><a class="link__itemcard" href="https://item.gmarket.co.kr/Item?goodscode=2518977716" tabindex="-1" aria-hidden="true"><span class="box__itemcard-img"><img class="image__itemcard no-js-400?ver=1725115672" src="data:image/gif;base64,R0lGODlhAQABAIAAAP///wAAACH5BAEAAAAALAAAAAABAAEAAAICRAEAOw==" alt="브레프 디럭스 변기 세정제 2P(매그놀리아) - 상품 이미지"/><noscript><style>.no-js-400?ver=1725115672 { display: none !important; }</style><img class="image__itemcard" src="https://gdimg.gmarket.co.kr/2518977716/still/400?ver=1725115672" alt="브레프 디럭스 변기 세정제 2P(매그놀리아) - 상품 이미지"/></noscript></span></a><div class="box__itemcard-info"><div class="box__element-info"><div class="element-info-qty"><button aria-describedby="itemCard_title_2518977716" class="sprite__smilefresh--before element-info-qty-minus" aria-disabled="true"><span class="for-a11y">상품 수 <!-- -->1<!-- --> 감소</span></button><span class="element-info-item-qty" aria-describedby="itemCard_title_2518977716"><span class="for-a11y">선택된 수량</span> <!-- -->1</span><button aria-describedby="itemCard_title_2518977716" class="sprite__smilefresh--before element-info-qty-plus"><span class="for-a11y">상품 수 <!-- -->1<!-- --> 증가</span></button></div><button type="button" class="sprite__smilefresh--before element-info-cart" aria-describedby="itemCard_title_2518977716"><span class="for-a11y">장바구니 담기</span></button></div><a href="https://item.gmarket.co.kr/Item?goodscode=2518977716" class="link__itemcard-info"><span class="box__itemcard-title-area" id="itemCard_title_2518977716"><span class="text__brand"><span class="text">브레프</span></span><span class="text__title" id="item_title">브레프 디럭스 변기 세정제 2P(매그놀리아)</span></span><span class="box__itemcard-price-area"><span class="box__price-seller"><span class="for-a11y">판매가</span><strong class="text__price-seller">6,900</strong><span class="text__unit">원</span></span></span><span class="box__itemcard-info-score"><span class="sprite__smilefresh--before box__score-awards"><span class="for-a11y">평점</span><span class="text text__score">4.7</span><span class="for-a11y">후기</span><span class="text text__num">(101)</span><span class="for-a11y">건</span></span><span class="box__score-buycnt"><span class="text text__buy">구매</span><span class="text text__num">507</span><span class="for-a11y">건</span></span></span><span class="box__itemcard-benefit-tag"><span class="box__tag box__tag-coupon"><span class="sprite__smilefresh--before box__inner">15% 쿠폰</span></span></span></a><button type="button" class="sprite__smilefresh--after button__favorite-item" aria-describedby="itemCard_title_2518977716" aria-pressed="false" aria-label="관심상품 등록하기"></button></div></div></div></div></li><li class="list-item"><div class="box__itemcard-container"><div class="box__itemcard-body"><div class="box__itemcard-inner"><span class="box__thumbnail__label">10</span><a class="link__itemcard" href="https://item.gmarket.co.kr/Item?goodscode=3018662122" tabindex="-1" aria-hidden="true"><span class="box__itemcard-img"><img class="image__itemcard no-js-400?ver=1725134962" src="data:image/gif;base64,R0lGODlhAQABAIAAAP///wAAACH5BAEAAAAALAAAAAABAAEAAAICRAEAOw==" alt="피지 디나자임딥클린 2.6L 리필(오리지널) - 상품 이미지"/><noscript><style>.no-js-400?ver=1725134962 { display: none !important; }</style><img class="image__itemcard" src="https://gdimg.gmarket.co.kr/3018662122/still/400?ver=1725134962" alt="피지 디나자임딥클린 2.6L 리필(오리지널) - 상품 이미지"/></noscript></span></a><div class="box__itemcard-info"><div class="box__element-info"><div class="element-info-qty"><button aria-describedby="itemCard_title_3018662122" class="sprite__smilefresh--before element-info-qty-minus" aria-disabled="true"><span class="for-a11y">상품 수 <!-- -->1<!-- --> 감소</span></button><span class="element-info-item-qty" aria-describedby="itemCard_title_3018662122"><span class="for-a11y">선택된 수량</span> <!-- -->1</span><button aria-describedby="itemCard_title_3018662122" class="sprite__smilefresh--before element-info-qty-plus"><span class="for-a11y">상품 수 <!-- -->1<!-- --> 증가</span></button></div><button type="button" class="sprite__smilefresh--before element-info-cart" aria-describedby="itemCard_title_3018662122"><span class="for-a11y">장바구니 담기</span></button></div><a href="https://item.gmarket.co.kr/Item?goodscode=3018662122" class="link__itemcard-info"><span class="box__itemcard-title-area" id="itemCard_title_3018662122"><span class="text__brand"><span class="text">피지</span></span><span class="text__title" id="item_title">피지 디나자임딥클린 2.6L 리필(오리지널)</span></span><span class="box__itemcard-price-area"><span class="box__price-seller"><span class="for-a11y">판매가</span><strong class="text__price-seller">19,900</strong><span class="text__unit">원</span></span><span class="box__prime-cost"><span class="for-a11y">원가</span><span class="text__unit-cost">(<!-- -->100mL당 765원<!-- -->)</span></span></span><span class="box__itemcard-info-score"><span class="sprite__smilefresh--before box__score-awards"><span class="for-a11y">평점</span><span class="text text__score">4.8</span><span class="for-a11y">후기</span><span class="text text__num">(118)</span><span class="for-a11y">건</span></span><span class="box__score-buycnt"><span class="text text__buy">구매</span><span class="text text__num">515</span><span class="for-a11y">건</span></span></span><span class="box__itemcard-benefit-tag"><span class="box__tag box__tag-coupon"><span class="sprite__smilefresh--before box__inner">15% 쿠폰</span></span></span></a><button type="button" class="sprite__smilefresh--after button__favorite-item" aria-describedby="itemCard_title_3018662122" aria-pressed="false" aria-label="관심상품 등록하기"></button></div></div></div></div></li><li class="list-item"><div class="box__itemcard-container"><div class="box__itemcard-body"><div class="box__itemcard-inner"><span class="box__thumbnail__label">11</span><a class="link__itemcard" href="https://item.gmarket.co.kr/Item?goodscode=2891534546" tabindex="-1" aria-hidden="true"><span class="box__itemcard-img"><img class="image__itemcard no-js-400?ver=1725128679" src="data:image/gif;base64,R0lGODlhAQABAIAAAP///wAAACH5BAEAAAAALAAAAAABAAEAAAICRAEAOw==" alt="프릴 그린파워 레몬그라스 700ml 용기 - 상품 이미지"/><noscript><style>.no-js-400?ver=1725128679 { display: none !important; }</style><img class="image__itemcard" src="https://gdimg.gmarket.co.kr/2891534546/still/400?ver=1725128679" alt="프릴 그린파워 레몬그라스 700ml 용기 - 상품 이미지"/></noscript></span></a><div class="box__itemcard-info"><div class="box__element-info"><div class="element-info-qty"><button aria-describedby="itemCard_title_2891534546" class="sprite__smilefresh--before element-info-qty-minus" aria-disabled="true"><span class="for-a11y">상품 수 <!-- -->1<!-- --> 감소</span></button><span class="element-info-item-qty" aria-describedby="itemCard_title_2891534546"><span class="for-a11y">선택된 수량</span> <!-- -->1</span><button aria-describedby="itemCard_title_2891534546" class="sprite__smilefresh--before element-info-qty-plus"><span class="for-a11y">상품 수 <!-- -->1<!-- --> 증가</span></button></div><button type="button" class="sprite__smilefresh--before element-info-cart" aria-describedby="itemCard_title_2891534546"><span class="for-a11y">장바구니 담기</span></button></div><a href="https://item.gmarket.co.kr/Item?goodscode=2891534546" class="link__itemcard-info"><span class="box__itemcard-title-area" id="itemCard_title_2891534546"><span class="text__brand"><span class="text">프릴</span></span><span class="text__title" id="item_title">프릴 그린파워 레몬그라스 700ml 용기</span></span><span class="box__itemcard-price-area"><span class="box__price-seller"><span class="for-a11y">판매가</span><strong class="text__price-seller">6,900</strong><span class="text__unit">원</span></span><span class="box__prime-cost"><span class="for-a11y">원가</span><span class="text__unit-cost">(<!-- -->100mL당 986원<!-- -->)</span></span></span><span class="box__itemcard-info-score"><span class="sprite__smilefresh--before box__score-awards"><span class="for-a11y">평점</span><span class="text text__score">4.8</span><span class="for-a11y">후기</span><span class="text text__num">(149)</span><span class="for-a11y">건</span></span><span class="box__score-buycnt"><span class="text text__buy">구매</span><span class="text text__num">937</span><span class="for-a11y">건</span></span></span><span class="box__itemcard-benefit-tag"><span class="box__tag box__tag-coupon"><span class="sprite__smilefresh--before box__inner">15% 쿠폰</span></span></span></a><button type="button" class="sprite__smilefresh--after button__favorite-item" aria-describedby="itemCard_title_2891534546" aria-pressed="false" aria-label="관심상품 등록하기"></button></div></div></div></div></li><li class="list-item"><div class="box__itemcard-container"><div class="box__itemcard-body"><div class="box__itemcard-inner"><span class="box__thumbnail__label">12</span><a class="link__itemcard" href="https://item.gmarket.co.kr/Item?goodscode=2659882155" tabindex="-1" aria-hidden="true"><span class="box__itemcard-img"><img class="image__itemcard no-js-400?ver=1725126517" src="data:image/gif;base64,R0lGODlhAQABAIAAAP///wAAACH5BAEAAAAALAAAAAABAAEAAAICRAEAOw==" alt="트리오 레몬 주방세제 1.2L - 상품 이미지"/><noscript><style>.no-js-400?ver=1725126517 { display: none !important; }</style><img class="image__itemcard" src="https://gdimg.gmarket.co.kr/2659882155/still/400?ver=1725126517" alt="트리오 레몬 주방세제 1.2L - 상품 이미지"/></noscript></span></a><div class="box__itemcard-info"><div class="box__element-info"><div class="element-info-qty"><button aria-describedby="itemCard_title_2659882155" class="sprite__smilefresh--before element-info-qty-minus" aria-disabled="true"><span class="for-a11y">상품 수 <!-- -->1<!-- --> 감소</span></button><span class="element-info-item-qty" aria-describedby="itemCard_title_2659882155"><span class="for-a11y">선택된 수량</span> <!-- -->1</span><button aria-describedby="itemCard_title_2659882155" class="sprite__smilefresh--before element-info-qty-plus"><span class="for-a11y">상품 수 <!-- -->1<!-- --> 증가</span></button></div><button type="button" class="sprite__smilefresh--before element-info-cart" aria-describedby="itemCard_title_2659882155"><span class="for-a11y">장바구니 담기</span></button></div><a href="https://item.gmarket.co.kr/Item?goodscode=2659882155" class="link__itemcard-info"><span class="box__itemcard-title-area" id="itemCard_title_2659882155"><span class="text__brand"><span class="text">애경</span></span><span class="text__title" id="item_title">트리오 레몬 주방세제 1.2L</span></span><span class="box__itemcard-price-area"><span class="box__price-seller"><span class="for-a11y">판매가</span><strong class="text__price-seller">4,500</strong><span class="text__unit">원</span></span></span><span class="box__itemcard-info-score"><span class="sprite__smilefresh--before box__score-awards"><span class="for-a11y">평점</span><span class="text text__score">4.8</span><span class="for-a11y">후기</span><span class="text text__num">(1,148)</span><span class="for-a11y">건</span></span><span class="box__score-buycnt"><span class="text text__buy">구매</span><span class="text text__num">6,150</span><span class="for-a11y">건</span></span></span><span class="box__itemcard-benefit-tag"><span class="box__tag box__tag-coupon"><span class="sprite__smilefresh--before box__inner">15% 쿠폰</span></span></span></a><button type="button" class="sprite__smilefresh--after button__favorite-item" aria-describedby="itemCard_title_2659882155" aria-pressed="false" aria-label="관심상품 등록하기"></button></div></div></div></div></li><li class="list-item"><div class="box__itemcard-container"><div class="box__itemcard-body"><div class="box__itemcard-inner"><span class="box__thumbnail__label">13</span><a class="link__itemcard" href="https://item.gmarket.co.kr/Item?goodscode=2523144318" tabindex="-1" aria-hidden="true"><span class="box__itemcard-img"><img class="image__itemcard no-js-400?ver=1725090510" src="data:image/gif;base64,R0lGODlhAQABAIAAAP///wAAACH5BAEAAAAALAAAAAABAAEAAAICRAEAOw==" alt="유한락스 곰팡이 제거제 900ML2 - 상품 이미지"/><noscript><style>.no-js-400?ver=1725090510 { display: none !important; }</style><img class="image__itemcard" src="https://gdimg.gmarket.co.kr/2523144318/still/400?ver=1725090510" alt="유한락스 곰팡이 제거제 900ML2 - 상품 이미지"/></noscript></span></a><div class="box__itemcard-info"><div class="box__element-info"><div class="element-info-qty"><button aria-describedby="itemCard_title_2523144318" class="sprite__smilefresh--before element-info-qty-minus" aria-disabled="true"><span class="for-a11y">상품 수 <!-- -->1<!-- --> 감소</span></button><span class="element-info-item-qty" aria-describedby="itemCard_title_2523144318"><span class="for-a11y">선택된 수량</span> <!-- -->1</span><button aria-describedby="itemCard_title_2523144318" class="sprite__smilefresh--before element-info-qty-plus"><span class="for-a11y">상품 수 <!-- -->1<!-- --> 증가</span></button></div><button type="button" class="sprite__smilefresh--before element-info-cart" aria-describedby="itemCard_title_2523144318"><span class="for-a11y">장바구니 담기</span></button></div><a href="https://item.gmarket.co.kr/Item?goodscode=2523144318" class="link__itemcard-info"><span class="box__itemcard-title-area" id="itemCard_title_2523144318"><span class="text__brand"><span class="text">유한락스</span></span><span class="text__title" id="item_title">유한락스 곰팡이 제거제 900ML2</span></span><span class="box__itemcard-price-area"><span class="box__price-seller"><span class="for-a11y">판매가</span><strong class="text__price-seller">7,900</strong><span class="text__unit">원</span></span></span><span class="box__itemcard-info-score"><span class="sprite__smilefresh--before box__score-awards"><span class="for-a11y">평점</span><span class="text text__score">4.8</span><span class="for-a11y">후기</span><span class="text text__num">(693)</span><span class="for-a11y">건</span></span><span class="box__score-buycnt"><span class="text text__buy">구매</span><span class="text text__num">2,060</span><span class="for-a11y">건</span></span></span><span class="box__itemcard-benefit-tag"><span class="box__tag box__tag-coupon"><span class="sprite__smilefresh--before box__inner">15% 쿠폰</span></span></span></a><button type="button" class="sprite__smilefresh--after button__favorite-item" aria-describedby="itemCard_title_2523144318" aria-pressed="false" aria-label="관심상품 등록하기"></button></div></div></div></div></li><li class="list-item"><div class="box__itemcard-container"><div class="box__itemcard-body"><div class="box__itemcard-inner"><span class="box__thumbnail__label">14</span><a class="link__itemcard" href="https://item.gmarket.co.kr/Item?goodscode=2518897662" tabindex="-1" aria-hidden="true"><span class="box__itemcard-img"><img class="image__itemcard no-js-400?ver=1725114644" src="data:image/gif;base64,R0lGODlhAQABAIAAAP///wAAACH5BAEAAAAALAAAAAABAAEAAAICRAEAOw==" alt="슈가버블 과탄산소다 1KG - 상품 이미지"/><noscript><style>.no-js-400?ver=1725114644 { display: none !important; }</style><img class="image__itemcard" src="https://gdimg.gmarket.co.kr/2518897662/still/400?ver=1725114644" alt="슈가버블 과탄산소다 1KG - 상품 이미지"/></noscript></span></a><div class="box__itemcard-info"><div class="box__element-info"><div class="element-info-qty"><button aria-describedby="itemCard_title_2518897662" class="sprite__smilefresh--before element-info-qty-minus" aria-disabled="true"><span class="for-a11y">상품 수 <!-- -->1<!-- --> 감소</span></button><span class="element-info-item-qty" aria-describedby="itemCard_title_2518897662"><span class="for-a11y">선택된 수량</span> <!-- -->1</span><button aria-describedby="itemCard_title_2518897662" class="sprite__smilefresh--before element-info-qty-plus"><span class="for-a11y">상품 수 <!-- -->1<!-- --> 증가</span></button></div><button type="button" class="sprite__smilefresh--before element-info-cart" aria-describedby="itemCard_title_2518897662"><span class="for-a11y">장바구니 담기</span></button></div><a href="https://item.gmarket.co.kr/Item?goodscode=2518897662" class="link__itemcard-info"><span class="box__itemcard-title-area" id="itemCard_title_2518897662"><span class="text__title" id="item_title">슈가버블 과탄산소다 1KG</span></span><span class="box__itemcard-price-area"><span class="box__price-seller"><span class="for-a11y">판매가</span><strong class="text__price-seller">6,900</strong><span class="text__unit">원</span></span></span><span class="box__itemcard-info-score"><span class="sprite__smilefresh--before box__score-awards"><span class="for-a11y">평점</span><span class="text text__score">4.8</span><span class="for-a11y">후기</span><span class="text text__num">(377)</span><span class="for-a11y">건</span></span><span class="box__score-buycnt"><span class="text text__buy">구매</span><span class="text text__num">1,777</span><span class="for-a11y">건</span></span></span><span class="box__itemcard-benefit-tag"><span class="box__tag box__tag-coupon"><span class="sprite__smilefresh--before box__inner">15% 쿠폰</span></span></span></a><button type="button" class="sprite__smilefresh--after button__favorite-item" aria-describedby="itemCard_title_2518897662" aria-pressed="false" aria-label="관심상품 등록하기"></button></div></div></div></div></li><li class="list-item"><div class="box__itemcard-container"><div class="box__itemcard-body"><div class="box__itemcard-inner"><span class="box__thumbnail__label">15</span><a class="link__itemcard" href="https://item.gmarket.co.kr/Item?goodscode=2518917193" tabindex="-1" aria-hidden="true"><span class="box__itemcard-img"><img class="image__itemcard no-js-400?ver=1725107806" src="data:image/gif;base64,R0lGODlhAQABAIAAAP///wAAACH5BAEAAAAALAAAAAABAAEAAAICRAEAOw==" alt="7일간 피어나는 향수 컬렉션 미스티크 초고농축 섬유유연제 리필 2.6L - 상품 이미지"/><noscript><style>.no-js-400?ver=1725107806 { display: none !important; }</style><img class="image__itemcard" src="https://gdimg.gmarket.co.kr/2518917193/still/400?ver=1725107806" alt="7일간 피어나는 향수 컬렉션 미스티크 초고농축 섬유유연제 리필 2.6L - 상품 이미지"/></noscript></span></a><div class="box__itemcard-info"><div class="box__element-info"><div class="element-info-qty"><button aria-describedby="itemCard_title_2518917193" class="sprite__smilefresh--before element-info-qty-minus" aria-disabled="true"><span class="for-a11y">상품 수 <!-- -->1<!-- --> 감소</span></button><span class="element-info-item-qty" aria-describedby="itemCard_title_2518917193"><span class="for-a11y">선택된 수량</span> <!-- -->1</span><button aria-describedby="itemCard_title_2518917193" class="sprite__smilefresh--before element-info-qty-plus"><span class="for-a11y">상품 수 <!-- -->1<!-- --> 증가</span></button></div><button type="button" class="sprite__smilefresh--before element-info-cart" aria-describedby="itemCard_title_2518917193"><span class="for-a11y">장바구니 담기</span></button></div><a href="https://item.gmarket.co.kr/Item?goodscode=2518917193" class="link__itemcard-info"><span class="box__itemcard-title-area" id="itemCard_title_2518917193"><span class="text__brand"><span class="text">다우니</span></span><span class="text__title" id="item_title">7일간 피어나는 향수 컬렉션 미스티크 초고농축 섬유유연제 리필 2.6L</span></span><span class="box__itemcard-price-area"><span class="box__price-seller"><span class="for-a11y">판매가</span><strong class="text__price-seller">10,900</strong><span class="text__unit">원</span></span><span class="box__prime-cost"><span class="for-a11y">원가</span><span class="text__unit-cost">(<!-- -->100mL당 419원<!-- -->)</span></span></span><span class="box__itemcard-info-score"><span class="sprite__smilefresh--before box__score-awards"><span class="for-a11y">평점</span><span class="text text__score">4.8</span><span class="for-a11y">후기</span><span class="text text__num">(97)</span><span class="for-a11y">건</span></span><span class="box__score-buycnt"><span class="text text__buy">구매</span><span class="text text__num">708</span><span class="for-a11y">건</span></span></span><span class="box__itemcard-benefit-tag"><span class="box__tag box__tag-coupon"><span class="sprite__smilefresh--before box__inner">15% 쿠폰</span></span></span></a><button type="button" class="sprite__smilefresh--after button__favorite-item" aria-describedby="itemCard_title_2518917193" aria-pressed="false" aria-label="관심상품 등록하기"></button></div></div></div></div></li><li class="list-item"><div class="box__itemcard-container"><div class="box__itemcard-body"><div class="box__itemcard-inner"><span class="box__thumbnail__label">16</span><a class="link__itemcard" href="https://item.gmarket.co.kr/Item?goodscode=2522760775" tabindex="-1" aria-hidden="true"><span class="box__itemcard-img"><img class="image__itemcard no-js-400?ver=1725106392" src="data:image/gif;base64,R0lGODlhAQABAIAAAP///wAAACH5BAEAAAAALAAAAAABAAEAAAICRAEAOw==" alt="노브랜드 습기제거제 8입 - 상품 이미지"/><noscript><style>.no-js-400?ver=1725106392 { display: none !important; }</style><img class="image__itemcard" src="https://gdimg.gmarket.co.kr/2522760775/still/400?ver=1725106392" alt="노브랜드 습기제거제 8입 - 상품 이미지"/></noscript></span></a><div class="box__itemcard-info"><div class="box__element-info"><div class="element-info-qty"><button aria-describedby="itemCard_title_2522760775" class="sprite__smilefresh--before element-info-qty-minus" aria-disabled="true"><span class="for-a11y">상품 수 <!-- -->1<!-- --> 감소</span></button><span class="element-info-item-qty" aria-describedby="itemCard_title_2522760775"><span class="for-a11y">선택된 수량</span> <!-- -->1</span><button aria-describedby="itemCard_title_2522760775" class="sprite__smilefresh--before element-info-qty-plus"><span class="for-a11y">상품 수 <!-- -->1<!-- --> 증가</span></button></div><button type="button" class="sprite__smilefresh--before element-info-cart" aria-describedby="itemCard_title_2522760775"><span class="for-a11y">장바구니 담기</span></button></div><a href="https://item.gmarket.co.kr/Item?goodscode=2522760775" class="link__itemcard-info"><span class="box__itemcard-title-area" id="itemCard_title_2522760775"><span class="text__brand"><span class="text">노브랜드</span></span><span class="text__title" id="item_title">노브랜드 습기제거제 8입</span></span><span class="box__itemcard-price-area"><span class="box__price-seller"><span class="for-a11y">판매가</span><strong class="text__price-seller">6,980</strong><span class="text__unit">원</span></span></span><span class="box__itemcard-info-score"><span class="sprite__smilefresh--before box__score-awards"><span class="for-a11y">평점</span><span class="text text__score">4.8</span><span class="for-a11y">후기</span><span class="text text__num">(2,070)</span><span class="for-a11y">건</span></span><span class="box__score-buycnt"><span class="text text__buy">구매</span><span class="text text__num">5,634</span><span class="for-a11y">건</span></span></span></a><button type="button" class="sprite__smilefresh--after button__favorite-item" aria-describedby="itemCard_title_2522760775" aria-pressed="false" aria-label="관심상품 등록하기"></button></div></div></div></div></li><li class="list-item"><div class="box__itemcard-container"><div class="box__itemcard-body"><div class="box__itemcard-inner"><span class="box__thumbnail__label">17</span><a class="link__itemcard" href="https://item.gmarket.co.kr/Item?goodscode=2522735479" tabindex="-1" aria-hidden="true"><span class="box__itemcard-img"><img class="image__itemcard no-js-400?ver=1725104365" src="data:image/gif;base64,R0lGODlhAQABAIAAAP///wAAACH5BAEAAAAALAAAAAABAAEAAAICRAEAOw==" alt="넬리 식기세척기 주방세제 1KG - 상품 이미지"/><noscript><style>.no-js-400?ver=1725104365 { display: none !important; }</style><img class="image__itemcard" src="https://gdimg.gmarket.co.kr/2522735479/still/400?ver=1725104365" alt="넬리 식기세척기 주방세제 1KG - 상품 이미지"/></noscript></span></a><div class="box__itemcard-info"><div class="box__element-info"><div class="element-info-qty"><button aria-describedby="itemCard_title_2522735479" class="sprite__smilefresh--before element-info-qty-minus" aria-disabled="true"><span class="for-a11y">상품 수 <!-- -->1<!-- --> 감소</span></button><span class="element-info-item-qty" aria-describedby="itemCard_title_2522735479"><span class="for-a11y">선택된 수량</span> <!-- -->1</span><button aria-describedby="itemCard_title_2522735479" class="sprite__smilefresh--before element-info-qty-plus"><span class="for-a11y">상품 수 <!-- -->1<!-- --> 증가</span></button></div><button type="button" class="sprite__smilefresh--before element-info-cart" aria-describedby="itemCard_title_2522735479"><span class="for-a11y">장바구니 담기</span></button></div><a href="https://item.gmarket.co.kr/Item?goodscode=2522735479" class="link__itemcard-info"><span class="box__itemcard-title-area" id="itemCard_title_2522735479"><span class="text__brand"><span class="text">넬리</span></span><span class="text__title" id="item_title">넬리 식기세척기 주방세제 1KG</span></span><span class="box__itemcard-price-area"><span class="box__price-seller"><span class="for-a11y">판매가</span><strong class="text__price-seller">19,500</strong><span class="text__unit">원</span></span></span><span class="box__itemcard-info-score"><span class="sprite__smilefresh--before box__score-awards"><span class="for-a11y">평점</span><span class="text text__score">4.8</span><span class="for-a11y">후기</span><span class="text text__num">(172)</span><span class="for-a11y">건</span></span><span class="box__score-buycnt"><span class="text text__buy">구매</span><span class="text text__num">1,174</span><span class="for-a11y">건</span></span></span><span class="box__itemcard-benefit-tag"><span class="box__tag box__tag-coupon"><span class="sprite__smilefresh--before box__inner">15% 쿠폰</span></span></span></a><button type="button" class="sprite__smilefresh--after button__favorite-item" aria-describedby="itemCard_title_2522735479" aria-pressed="false" aria-label="관심상품 등록하기"></button></div></div></div></div></li><li class="list-item"><div class="box__itemcard-container"><div class="box__itemcard-body"><div class="box__itemcard-inner"><span class="box__thumbnail__label">18</span><a class="link__itemcard" href="https://item.gmarket.co.kr/Item?goodscode=2518530525" tabindex="-1" aria-hidden="true"><span class="box__itemcard-img"><img class="image__itemcard no-js-400?ver=1725087986" src="data:image/gif;base64,R0lGODlhAQABAIAAAP///wAAACH5BAEAAAAALAAAAAABAAEAAAICRAEAOw==" alt="유한락스 레귤러 3.5L - 상품 이미지"/><noscript><style>.no-js-400?ver=1725087986 { display: none !important; }</style><img class="image__itemcard" src="https://gdimg.gmarket.co.kr/2518530525/still/400?ver=1725087986" alt="유한락스 레귤러 3.5L - 상품 이미지"/></noscript></span></a><div class="box__itemcard-info"><div class="box__element-info"><div class="element-info-qty"><button aria-describedby="itemCard_title_2518530525" class="sprite__smilefresh--before element-info-qty-minus" aria-disabled="true"><span class="for-a11y">상품 수 <!-- -->1<!-- --> 감소</span></button><span class="element-info-item-qty" aria-describedby="itemCard_title_2518530525"><span class="for-a11y">선택된 수량</span> <!-- -->1</span><button aria-describedby="itemCard_title_2518530525" class="sprite__smilefresh--before element-info-qty-plus"><span class="for-a11y">상품 수 <!-- -->1<!-- --> 증가</span></button></div><button type="button" class="sprite__smilefresh--before element-info-cart" aria-describedby="itemCard_title_2518530525"><span class="for-a11y">장바구니 담기</span></button></div><a href="https://item.gmarket.co.kr/Item?goodscode=2518530525" class="link__itemcard-info"><span class="box__itemcard-title-area" id="itemCard_title_2518530525"><span class="text__brand"><span class="text">유한락스</span></span><span class="text__title" id="item_title">유한락스 레귤러 3.5L</span></span><span class="box__itemcard-price-area"><span class="box__price-seller"><span class="for-a11y">판매가</span><strong class="text__price-seller">6,970</strong><span class="text__unit">원</span></span><span class="box__prime-cost"><span class="for-a11y">원가</span><span class="text__unit-cost">(<!-- -->100mL당 199원<!-- -->)</span></span></span><span class="box__itemcard-info-score"><span class="sprite__smilefresh--before box__score-awards"><span class="for-a11y">평점</span><span class="text text__score">4.8</span><span class="for-a11y">후기</span><span class="text text__num">(656)</span><span class="for-a11y">건</span></span><span class="box__score-buycnt"><span class="text text__buy">구매</span><span class="text text__num">2,219</span><span class="for-a11y">건</span></span></span><span class="box__itemcard-benefit-tag"><span class="box__tag box__tag-coupon"><span class="sprite__smilefresh--before box__inner">15% 쿠폰</span></span></span></a><button type="button" class="sprite__smilefresh--after button__favorite-item" aria-describedby="itemCard_title_2518530525" aria-pressed="false" aria-label="관심상품 등록하기"></button></div></div></div></div></li><li class="list-item"><div class="box__itemcard-container"><div class="box__itemcard-body"><div class="box__itemcard-inner"><span class="box__thumbnail__label">19</span><a class="link__itemcard" href="https://item.gmarket.co.kr/Item?goodscode=3632129784" tabindex="-1" aria-hidden="true"><span class="box__itemcard-img"><img class="image__itemcard no-js-400?ver=1725138743" src="data:image/gif;base64,R0lGODlhAQABAIAAAP///wAAACH5BAEAAAAALAAAAAABAAEAAAICRAEAOw==" alt="홈스타 곰팡이용세정제 900ML2 - 상품 이미지"/><noscript><style>.no-js-400?ver=1725138743 { display: none !important; }</style><img class="image__itemcard" src="https://gdimg.gmarket.co.kr/3632129784/still/400?ver=1725138743" alt="홈스타 곰팡이용세정제 900ML2 - 상품 이미지"/></noscript></span></a><div class="box__itemcard-info"><div class="box__element-info"><div class="element-info-qty"><button aria-describedby="itemCard_title_3632129784" class="sprite__smilefresh--before element-info-qty-minus" aria-disabled="true"><span class="for-a11y">상품 수 <!-- -->1<!-- --> 감소</span></button><span class="element-info-item-qty" aria-describedby="itemCard_title_3632129784"><span class="for-a11y">선택된 수량</span> <!-- -->1</span><button aria-describedby="itemCard_title_3632129784" class="sprite__smilefresh--before element-info-qty-plus"><span class="for-a11y">상품 수 <!-- -->1<!-- --> 증가</span></button></div><button type="button" class="sprite__smilefresh--before element-info-cart" aria-describedby="itemCard_title_3632129784"><span class="for-a11y">장바구니 담기</span></button></div><a href="https://item.gmarket.co.kr/Item?goodscode=3632129784" class="link__itemcard-info"><span class="box__itemcard-title-area" id="itemCard_title_3632129784"><span class="text__brand"><span class="text">홈스타</span></span><span class="text__title" id="item_title">홈스타 곰팡이용세정제 900ML2</span></span><span class="box__itemcard-price-area"><span class="box__price-seller"><span class="for-a11y">판매가</span><strong class="text__price-seller">7,900</strong><span class="text__unit">원</span></span><span class="box__prime-cost"><span class="for-a11y">원가</span><strong class="text__dc-rate">27<!-- -->%</strong><span class="text__prime-cost">10,900<span class="text__unit">원</span></span></span></span><span class="box__itemcard-info-score"><span class="sprite__smilefresh--before box__score-awards"><span class="for-a11y">평점</span><span class="text text__score">4.7</span><span class="for-a11y">후기</span><span class="text text__num">(135)</span><span class="for-a11y">건</span></span><span class="box__score-buycnt"><span class="text text__buy">구매</span><span class="text text__num">445</span><span class="for-a11y">건</span></span></span><span class="box__itemcard-benefit-tag"><span class="box__tag box__tag-coupon"><span class="sprite__smilefresh--before box__inner">15% 쿠폰</span></span></span></a><button type="button" class="sprite__smilefresh--after button__favorite-item" aria-describedby="itemCard_title_3632129784" aria-pressed="false" aria-label="관심상품 등록하기"></button></div></div></div></div></li><li class="list-item"><div class="box__itemcard-container"><div class="box__itemcard-body"><div class="box__itemcard-inner"><span class="box__thumbnail__label">20</span><a class="link__itemcard" href="https://item.gmarket.co.kr/Item?goodscode=2602060042" tabindex="-1" aria-hidden="true"><span class="box__itemcard-img"><img class="image__itemcard no-js-400?ver=1725123632" src="data:image/gif;base64,R0lGODlhAQABAIAAAP///wAAACH5BAEAAAAALAAAAAABAAEAAAICRAEAOw==" alt="퍼실 디스크 캡슐세제 26개(라벤더) - 상품 이미지"/><noscript><style>.no-js-400?ver=1725123632 { display: none !important; }</style><img class="image__itemcard" src="https://gdimg.gmarket.co.kr/2602060042/still/400?ver=1725123632" alt="퍼실 디스크 캡슐세제 26개(라벤더) - 상품 이미지"/></noscript></span></a><div class="box__itemcard-info"><div class="box__element-info"><div class="element-info-qty"><button aria-describedby="itemCard_title_2602060042" class="sprite__smilefresh--before element-info-qty-minus" aria-disabled="true"><span class="for-a11y">상품 수 <!-- -->1<!-- --> 감소</span></button><span class="element-info-item-qty" aria-describedby="itemCard_title_2602060042"><span class="for-a11y">선택된 수량</span> <!-- -->1</span><button aria-describedby="itemCard_title_2602060042" class="sprite__smilefresh--before element-info-qty-plus"><span class="for-a11y">상품 수 <!-- -->1<!-- --> 증가</span></button></div><button type="button" class="sprite__smilefresh--before element-info-cart" aria-describedby="itemCard_title_2602060042"><span class="for-a11y">장바구니 담기</span></button></div><a href="https://item.gmarket.co.kr/Item?goodscode=2602060042" class="link__itemcard-info"><span class="box__itemcard-title-area" id="itemCard_title_2602060042"><span class="text__brand"><span class="text">퍼실</span></span><span class="text__title" id="item_title">퍼실 디스크 캡슐세제 26개(라벤더)</span></span><span class="box__itemcard-price-area"><span class="box__price-seller"><span class="for-a11y">판매가</span><strong class="text__price-seller">25,900</strong><span class="text__unit">원</span></span></span><span class="box__itemcard-info-score"><span class="sprite__smilefresh--before box__score-awards"><span class="for-a11y">평점</span><span class="text text__score">4.8</span><span class="for-a11y">후기</span><span class="text text__num">(285)</span><span class="for-a11y">건</span></span><span class="box__score-buycnt"><span class="text text__buy">구매</span><span class="text text__num">2,209</span><span class="for-a11y">건</span></span></span><span class="box__itemcard-benefit-tag"><span class="box__tag box__tag-coupon"><span class="sprite__smilefresh--before box__inner">15% 쿠폰</span></span></span></a><button type="button" class="sprite__smilefresh--after button__favorite-item" aria-describedby="itemCard_title_2602060042" aria-pressed="false" aria-label="관심상품 등록하기"></button></div></div></div></div></li><li class="list-item"><div class="box__itemcard-container"><div class="box__itemcard-body"><div class="box__itemcard-inner"><span class="box__thumbnail__label">21</span><a class="link__itemcard" href="https://item.gmarket.co.kr/Item?goodscode=2522408256" tabindex="-1" aria-hidden="true"><span class="box__itemcard-img"><img class="image__itemcard no-js-400?ver=1725101475" src="data:image/gif;base64,R0lGODlhAQABAIAAAP///wAAACH5BAEAAAAALAAAAAABAAEAAAICRAEAOw==" alt="유한젠 과탄산소다 2KG - 상품 이미지"/><noscript><style>.no-js-400?ver=1725101475 { display: none !important; }</style><img class="image__itemcard" src="https://gdimg.gmarket.co.kr/2522408256/still/400?ver=1725101475" alt="유한젠 과탄산소다 2KG - 상품 이미지"/></noscript></span></a><div class="box__itemcard-info"><div class="box__element-info"><div class="element-info-qty"><button aria-describedby="itemCard_title_2522408256" class="sprite__smilefresh--before element-info-qty-minus" aria-disabled="true"><span class="for-a11y">상품 수 <!-- -->1<!-- --> 감소</span></button><span class="element-info-item-qty" aria-describedby="itemCard_title_2522408256"><span class="for-a11y">선택된 수량</span> <!-- -->1</span><button aria-describedby="itemCard_title_2522408256" class="sprite__smilefresh--before element-info-qty-plus"><span class="for-a11y">상품 수 <!-- -->1<!-- --> 증가</span></button></div><button type="button" class="sprite__smilefresh--before element-info-cart" aria-describedby="itemCard_title_2522408256"><span class="for-a11y">장바구니 담기</span></button></div><a href="https://item.gmarket.co.kr/Item?goodscode=2522408256" class="link__itemcard-info"><span class="box__itemcard-title-area" id="itemCard_title_2522408256"><span class="text__brand"><span class="text">유한젠</span></span><span class="text__title" id="item_title">유한젠 과탄산소다 2KG</span></span><span class="box__itemcard-price-area"><span class="box__price-seller"><span class="for-a11y">판매가</span><strong class="text__price-seller">6,900</strong><span class="text__unit">원</span></span></span><span class="box__itemcard-info-score"><span class="sprite__smilefresh--before box__score-awards"><span class="for-a11y">평점</span><span class="text text__score">4.8</span><span class="for-a11y">후기</span><span class="text text__num">(600)</span><span class="for-a11y">건</span></span><span class="box__score-buycnt"><span class="text text__buy">구매</span><span class="text text__num">2,008</span><span class="for-a11y">건</span></span></span><span class="box__itemcard-benefit-tag"><span class="box__tag box__tag-coupon"><span class="sprite__smilefresh--before box__inner">15% 쿠폰</span></span></span></a><button type="button" class="sprite__smilefresh--after button__favorite-item" aria-describedby="itemCard_title_2522408256" aria-pressed="false" aria-label="관심상품 등록하기"></button></div></div></div></div></li><li class="list-item"><div class="box__itemcard-container"><div class="box__itemcard-body"><div class="box__itemcard-inner"><span class="box__thumbnail__label">22</span><a class="link__itemcard" href="https://item.gmarket.co.kr/Item?goodscode=2920351883" tabindex="-1" aria-hidden="true"><span class="box__itemcard-img"><img class="image__itemcard no-js-400?ver=1725129942" src="data:image/gif;base64,R0lGODlhAQABAIAAAP///wAAACH5BAEAAAAALAAAAAABAAEAAAICRAEAOw==" alt="다우니 7일간 피어나는 향수 컬렉션 시트러스앤버베나 초고농축 섬유유연제  2.6L 1개 - 상품 이미지"/><noscript><style>.no-js-400?ver=1725129942 { display: none !important; }</style><img class="image__itemcard" src="https://gdimg.gmarket.co.kr/2920351883/still/400?ver=1725129942" alt="다우니 7일간 피어나는 향수 컬렉션 시트러스앤버베나 초고농축 섬유유연제  2.6L 1개 - 상품 이미지"/></noscript></span></a><div class="box__itemcard-info"><div class="box__element-info"><div class="element-info-qty"><button aria-describedby="itemCard_title_2920351883" class="sprite__smilefresh--before element-info-qty-minus" aria-disabled="true"><span class="for-a11y">상품 수 <!-- -->1<!-- --> 감소</span></button><span class="element-info-item-qty" aria-describedby="itemCard_title_2920351883"><span class="for-a11y">선택된 수량</span> <!-- -->1</span><button aria-describedby="itemCard_title_2920351883" class="sprite__smilefresh--before element-info-qty-plus"><span class="for-a11y">상품 수 <!-- -->1<!-- --> 증가</span></button></div><button type="button" class="sprite__smilefresh--before element-info-cart" aria-describedby="itemCard_title_2920351883"><span class="for-a11y">장바구니 담기</span></button></div><a href="https://item.gmarket.co.kr/Item?goodscode=2920351883" class="link__itemcard-info"><span class="box__itemcard-title-area" id="itemCard_title_2920351883"><span class="text__brand"><span class="text">다우니</span></span><span class="text__title" id="item_title">다우니 7일간 피어나는 향수 컬렉션 시트러스앤버베나 초고농축 섬유유연제  2.6L 1개</span></span><span class="box__itemcard-price-area"><span class="box__price-seller"><span class="for-a11y">판매가</span><strong class="text__price-seller">10,900</strong><span class="text__unit">원</span></span><span class="box__prime-cost"><span class="for-a11y">원가</span><span class="text__unit-cost">(<!-- -->100mL당 419원<!-- -->)</span></span></span><span class="box__itemcard-info-score"><span class="sprite__smilefresh--before box__score-awards"><span class="for-a11y">평점</span><span class="text text__score">4.8</span><span class="for-a11y">후기</span><span class="text text__num">(81)</span><span class="for-a11y">건</span></span><span class="box__score-buycnt"><span class="text text__buy">구매</span><span class="text text__num">370</span><span class="for-a11y">건</span></span></span><span class="box__itemcard-benefit-tag"><span class="box__tag box__tag-coupon"><span class="sprite__smilefresh--before box__inner">15% 쿠폰</span></span></span></a><button type="button" class="sprite__smilefresh--after button__favorite-item" aria-describedby="itemCard_title_2920351883" aria-pressed="false" aria-label="관심상품 등록하기"></button></div></div></div></div></li><li class="list-item"><div class="box__itemcard-container"><div class="box__itemcard-body"><div class="box__itemcard-inner"><span class="box__thumbnail__label">23</span><a class="link__itemcard" href="https://item.gmarket.co.kr/Item?goodscode=2537365375" tabindex="-1" aria-hidden="true"><span class="box__itemcard-img"><img class="image__itemcard no-js-400?ver=1725088076" src="data:image/gif;base64,R0lGODlhAQABAIAAAP///wAAACH5BAEAAAAALAAAAAABAAEAAAICRAEAOw==" alt="애경 울샴푸 오리지널 리필 1.8L - 상품 이미지"/><noscript><style>.no-js-400?ver=1725088076 { display: none !important; }</style><img class="image__itemcard" src="https://gdimg.gmarket.co.kr/2537365375/still/400?ver=1725088076" alt="애경 울샴푸 오리지널 리필 1.8L - 상품 이미지"/></noscript></span></a><div class="box__itemcard-info"><div class="box__element-info"><div class="element-info-qty"><button aria-describedby="itemCard_title_2537365375" class="sprite__smilefresh--before element-info-qty-minus" aria-disabled="true"><span class="for-a11y">상품 수 <!-- -->1<!-- --> 감소</span></button><span class="element-info-item-qty" aria-describedby="itemCard_title_2537365375"><span class="for-a11y">선택된 수량</span> <!-- -->1</span><button aria-describedby="itemCard_title_2537365375" class="sprite__smilefresh--before element-info-qty-plus"><span class="for-a11y">상품 수 <!-- -->1<!-- --> 증가</span></button></div><button type="button" class="sprite__smilefresh--before element-info-cart" aria-describedby="itemCard_title_2537365375"><span class="for-a11y">장바구니 담기</span></button></div><a href="https://item.gmarket.co.kr/Item?goodscode=2537365375" class="link__itemcard-info"><span class="box__itemcard-title-area" id="itemCard_title_2537365375"><span class="text__brand"><span class="text">애경</span></span><span class="text__title" id="item_title">애경 울샴푸 오리지널 리필 1.8L</span></span><span class="box__itemcard-price-area"><span class="box__price-seller"><span class="for-a11y">판매가</span><strong class="text__price-seller">4,000</strong><span class="text__unit">원</span></span><span class="box__prime-cost"><span class="for-a11y">원가</span><strong class="text__dc-rate">33<!-- -->%</strong><span class="text__prime-cost">6,000<span class="text__unit">원</span></span><span class="text__unit-cost">(<!-- -->100mL당 222원<!-- -->)</span></span></span><span class="box__itemcard-info-score"><span class="sprite__smilefresh--before box__score-awards"><span class="for-a11y">평점</span><span class="text text__score">4.8</span><span class="for-a11y">후기</span><span class="text text__num">(187)</span><span class="for-a11y">건</span></span><span class="box__score-buycnt"><span class="text text__buy">구매</span><span class="text text__num">644</span><span class="for-a11y">건</span></span></span><span class="box__itemcard-benefit-tag"><span class="box__tag box__tag-coupon"><span class="sprite__smilefresh--before box__inner">15% 쿠폰</span></span></span></a><button type="button" class="sprite__smilefresh--after button__favorite-item" aria-describedby="itemCard_title_2537365375" aria-pressed="false" aria-label="관심상품 등록하기"></button></div></div></div></div></li><li class="list-item"><div class="box__itemcard-container"><div class="box__itemcard-body"><div class="box__itemcard-inner"><span class="box__thumbnail__label">24</span><a class="link__itemcard" href="https://item.gmarket.co.kr/Item?goodscode=2522662969" tabindex="-1" aria-hidden="true"><span class="box__itemcard-img"><img class="image__itemcard no-js-400?ver=1725103542" src="data:image/gif;base64,R0lGODlhAQABAIAAAP///wAAACH5BAEAAAAALAAAAAABAAEAAAICRAEAOw==" alt="유한락스 펑크린 (1.5ℓ + 200ml) - 상품 이미지"/><noscript><style>.no-js-400?ver=1725103542 { display: none !important; }</style><img class="image__itemcard" src="https://gdimg.gmarket.co.kr/2522662969/still/400?ver=1725103542" alt="유한락스 펑크린 (1.5ℓ + 200ml) - 상품 이미지"/></noscript></span></a><div class="box__itemcard-info"><div class="box__element-info"><div class="element-info-qty"><button aria-describedby="itemCard_title_2522662969" class="sprite__smilefresh--before element-info-qty-minus" aria-disabled="true"><span class="for-a11y">상품 수 <!-- -->1<!-- --> 감소</span></button><span class="element-info-item-qty" aria-describedby="itemCard_title_2522662969"><span class="for-a11y">선택된 수량</span> <!-- -->1</span><button aria-describedby="itemCard_title_2522662969" class="sprite__smilefresh--before element-info-qty-plus"><span class="for-a11y">상품 수 <!-- -->1<!-- --> 증가</span></button></div><button type="button" class="sprite__smilefresh--before element-info-cart" aria-describedby="itemCard_title_2522662969"><span class="for-a11y">장바구니 담기</span></button></div><a href="https://item.gmarket.co.kr/Item?goodscode=2522662969" class="link__itemcard-info"><span class="box__itemcard-title-area" id="itemCard_title_2522662969"><span class="text__brand"><span class="text">유한양행</span></span><span class="text__title" id="item_title">유한락스 펑크린 (1.5ℓ + 200ml)</span></span><span class="box__itemcard-price-area"><span class="box__price-seller"><span class="for-a11y">판매가</span><strong class="text__price-seller">3,760</strong><span class="text__unit">원</span></span></span><span class="box__itemcard-info-score"><span class="sprite__smilefresh--before box__score-awards"><span class="for-a11y">평점</span><span class="text text__score">4.8</span><span class="for-a11y">후기</span><span class="text text__num">(1,106)</span><span class="for-a11y">건</span></span><span class="box__score-buycnt"><span class="text text__buy">구매</span><span class="text text__num">4,808</span><span class="for-a11y">건</span></span></span><span class="box__itemcard-benefit-tag"><span class="box__tag box__tag-coupon"><span class="sprite__smilefresh--before box__inner">15% 쿠폰</span></span></span></a><button type="button" class="sprite__smilefresh--after button__favorite-item" aria-describedby="itemCard_title_2522662969" aria-pressed="false" aria-label="관심상품 등록하기"></button></div></div></div></div></li><li class="list-item"><div class="box__itemcard-container"><div class="box__itemcard-body"><div class="box__itemcard-inner"><span class="box__thumbnail__label">25</span><a class="link__itemcard" href="https://item.gmarket.co.kr/Item?goodscode=2529249950" tabindex="-1" aria-hidden="true"><span class="box__itemcard-img"><img class="image__itemcard no-js-400?ver=1725088217" src="data:image/gif;base64,R0lGODlhAQABAIAAAP///wAAACH5BAEAAAAALAAAAAABAAEAAAICRAEAOw==" alt="홈스타 락스와세제 750ml (허벌 시트러스) - 상품 이미지"/><noscript><style>.no-js-400?ver=1725088217 { display: none !important; }</style><img class="image__itemcard" src="https://gdimg.gmarket.co.kr/2529249950/still/400?ver=1725088217" alt="홈스타 락스와세제 750ml (허벌 시트러스) - 상품 이미지"/></noscript></span></a><div class="box__itemcard-info"><div class="box__element-info"><div class="element-info-qty"><button aria-describedby="itemCard_title_2529249950" class="sprite__smilefresh--before element-info-qty-minus" aria-disabled="true"><span class="for-a11y">상품 수 <!-- -->1<!-- --> 감소</span></button><span class="element-info-item-qty" aria-describedby="itemCard_title_2529249950"><span class="for-a11y">선택된 수량</span> <!-- -->1</span><button aria-describedby="itemCard_title_2529249950" class="sprite__smilefresh--before element-info-qty-plus"><span class="for-a11y">상품 수 <!-- -->1<!-- --> 증가</span></button></div><button type="button" class="sprite__smilefresh--before element-info-cart" aria-describedby="itemCard_title_2529249950"><span class="for-a11y">장바구니 담기</span></button></div><a href="https://item.gmarket.co.kr/Item?goodscode=2529249950" class="link__itemcard-info"><span class="box__itemcard-title-area" id="itemCard_title_2529249950"><span class="text__brand"><span class="text">홈스타</span></span><span class="text__title" id="item_title">홈스타 락스와세제 750ml (허벌 시트러스)</span></span><span class="box__itemcard-price-area"><span class="box__price-seller"><span class="for-a11y">판매가</span><strong class="text__price-seller">4,500</strong><span class="text__unit">원</span></span><span class="box__prime-cost"><span class="for-a11y">원가</span><span class="text__unit-cost">(<!-- -->100mL당 600원<!-- -->)</span></span></span><span class="box__itemcard-info-score"><span class="sprite__smilefresh--before box__score-awards"><span class="for-a11y">평점</span><span class="text text__score">4.8</span><span class="for-a11y">후기</span><span class="text text__num">(391)</span><span class="for-a11y">건</span></span><span class="box__score-buycnt"><span class="text text__buy">구매</span><span class="text text__num">2,763</span><span class="for-a11y">건</span></span></span><span class="box__itemcard-benefit-tag"><span class="box__tag box__tag-coupon"><span class="sprite__smilefresh--before box__inner">15% 쿠폰</span></span></span></a><button type="button" class="sprite__smilefresh--after button__favorite-item" aria-describedby="itemCard_title_2529249950" aria-pressed="false" aria-label="관심상품 등록하기"></button></div></div></div></div></li><li class="list-item"><div class="box__itemcard-container"><div class="box__itemcard-body"><div class="box__itemcard-inner"><span class="box__thumbnail__label">26</span><a class="link__itemcard" href="https://item.gmarket.co.kr/Item?goodscode=2518977273" tabindex="-1" aria-hidden="true"><span class="box__itemcard-img"><img class="image__itemcard no-js-400?ver=1725114624" src="data:image/gif;base64,R0lGODlhAQABAIAAAP///wAAACH5BAEAAAAALAAAAAABAAEAAAICRAEAOw==" alt="브레프 디럭스 변기 세정제 2P(문플라워) - 상품 이미지"/><noscript><style>.no-js-400?ver=1725114624 { display: none !important; }</style><img class="image__itemcard" src="https://gdimg.gmarket.co.kr/2518977273/still/400?ver=1725114624" alt="브레프 디럭스 변기 세정제 2P(문플라워) - 상품 이미지"/></noscript></span></a><div class="box__itemcard-info"><div class="box__element-info"><div class="element-info-qty"><button aria-describedby="itemCard_title_2518977273" class="sprite__smilefresh--before element-info-qty-minus" aria-disabled="true"><span class="for-a11y">상품 수 <!-- -->1<!-- --> 감소</span></button><span class="element-info-item-qty" aria-describedby="itemCard_title_2518977273"><span class="for-a11y">선택된 수량</span> <!-- -->1</span><button aria-describedby="itemCard_title_2518977273" class="sprite__smilefresh--before element-info-qty-plus"><span class="for-a11y">상품 수 <!-- -->1<!-- --> 증가</span></button></div><button type="button" class="sprite__smilefresh--before element-info-cart" aria-describedby="itemCard_title_2518977273"><span class="for-a11y">장바구니 담기</span></button></div><a href="https://item.gmarket.co.kr/Item?goodscode=2518977273" class="link__itemcard-info"><span class="box__itemcard-title-area" id="itemCard_title_2518977273"><span class="text__brand"><span class="text">브레프</span></span><span class="text__title" id="item_title">브레프 디럭스 변기 세정제 2P(문플라워)</span></span><span class="box__itemcard-price-area"><span class="box__price-seller"><span class="for-a11y">판매가</span><strong class="text__price-seller">6,900</strong><span class="text__unit">원</span></span></span><span class="box__itemcard-info-score"><span class="sprite__smilefresh--before box__score-awards"><span class="for-a11y">평점</span><span class="text text__score">4.7</span><span class="for-a11y">후기</span><span class="text text__num">(81)</span><span class="for-a11y">건</span></span><span class="box__score-buycnt"><span class="text text__buy">구매</span><span class="text text__num">468</span><span class="for-a11y">건</span></span></span><span class="box__itemcard-benefit-tag"><span class="box__tag box__tag-coupon"><span class="sprite__smilefresh--before box__inner">15% 쿠폰</span></span></span></a><button type="button" class="sprite__smilefresh--after button__favorite-item" aria-describedby="itemCard_title_2518977273" aria-pressed="false" aria-label="관심상품 등록하기"></button></div></div></div></div></li><li class="list-item"><div class="box__itemcard-container"><div class="box__itemcard-body"><div class="box__itemcard-inner"><span class="box__thumbnail__label">27</span><a class="link__itemcard" href="https://item.gmarket.co.kr/Item?goodscode=2523206340" tabindex="-1" aria-hidden="true"><span class="box__itemcard-img"><img class="image__itemcard no-js-400?ver=1725088017" src="data:image/gif;base64,R0lGODlhAQABAIAAAP///wAAACH5BAEAAAAALAAAAAABAAEAAAICRAEAOw==" alt="홈스타 바르면 곰팡이 싹 120ml - 상품 이미지"/><noscript><style>.no-js-400?ver=1725088017 { display: none !important; }</style><img class="image__itemcard" src="https://gdimg.gmarket.co.kr/2523206340/still/400?ver=1725088017" alt="홈스타 바르면 곰팡이 싹 120ml - 상품 이미지"/></noscript></span></a><div class="box__itemcard-info"><div class="box__element-info"><div class="element-info-qty"><button aria-describedby="itemCard_title_2523206340" class="sprite__smilefresh--before element-info-qty-minus" aria-disabled="true"><span class="for-a11y">상품 수 <!-- -->1<!-- --> 감소</span></button><span class="element-info-item-qty" aria-describedby="itemCard_title_2523206340"><span class="for-a11y">선택된 수량</span> <!-- -->1</span><button aria-describedby="itemCard_title_2523206340" class="sprite__smilefresh--before element-info-qty-plus"><span class="for-a11y">상품 수 <!-- -->1<!-- --> 증가</span></button></div><button type="button" class="sprite__smilefresh--before element-info-cart" aria-describedby="itemCard_title_2523206340"><span class="for-a11y">장바구니 담기</span></button></div><a href="https://item.gmarket.co.kr/Item?goodscode=2523206340" class="link__itemcard-info"><span class="box__itemcard-title-area" id="itemCard_title_2523206340"><span class="text__brand"><span class="text">홈스타</span></span><span class="text__title" id="item_title">홈스타 바르면 곰팡이 싹 120ml</span></span><span class="box__itemcard-price-area"><span class="box__price-seller"><span class="for-a11y">판매가</span><strong class="text__price-seller">4,500</strong><span class="text__unit">원</span></span></span><span class="box__itemcard-info-score"><span class="sprite__smilefresh--before box__score-awards"><span class="for-a11y">평점</span><span class="text text__score">4.7</span><span class="for-a11y">후기</span><span class="text text__num">(616)</span><span class="for-a11y">건</span></span><span class="box__score-buycnt"><span class="text text__buy">구매</span><span class="text text__num">2,878</span><span class="for-a11y">건</span></span></span><span class="box__itemcard-benefit-tag"><span class="box__tag box__tag-coupon"><span class="sprite__smilefresh--before box__inner">15% 쿠폰</span></span></span></a><button type="button" class="sprite__smilefresh--after button__favorite-item" aria-describedby="itemCard_title_2523206340" aria-pressed="false" aria-label="관심상품 등록하기"></button></div></div></div></div></li><li class="list-item"><div class="box__itemcard-container"><div class="box__itemcard-body"><div class="box__itemcard-inner"><span class="box__thumbnail__label">28</span><a class="link__itemcard" href="https://item.gmarket.co.kr/Item?goodscode=2518659095" tabindex="-1" aria-hidden="true"><span class="box__itemcard-img"><img class="image__itemcard no-js-400?ver=1725107433" src="data:image/gif;base64,R0lGODlhAQABAIAAAP///wAAACH5BAEAAAAALAAAAAABAAEAAAICRAEAOw==" alt="다우니 섬유유연제 7일간 피어나는 향수 컬렉션 스프링 가든 러브 2.6L - 상품 이미지"/><noscript><style>.no-js-400?ver=1725107433 { display: none !important; }</style><img class="image__itemcard" src="https://gdimg.gmarket.co.kr/2518659095/still/400?ver=1725107433" alt="다우니 섬유유연제 7일간 피어나는 향수 컬렉션 스프링 가든 러브 2.6L - 상품 이미지"/></noscript></span></a><div class="box__itemcard-info"><div class="box__element-info"><div class="element-info-qty"><button aria-describedby="itemCard_title_2518659095" class="sprite__smilefresh--before element-info-qty-minus" aria-disabled="true"><span class="for-a11y">상품 수 <!-- -->1<!-- --> 감소</span></button><span class="element-info-item-qty" aria-describedby="itemCard_title_2518659095"><span class="for-a11y">선택된 수량</span> <!-- -->1</span><button aria-describedby="itemCard_title_2518659095" class="sprite__smilefresh--before element-info-qty-plus"><span class="for-a11y">상품 수 <!-- -->1<!-- --> 증가</span></button></div><button type="button" class="sprite__smilefresh--before element-info-cart" aria-describedby="itemCard_title_2518659095"><span class="for-a11y">장바구니 담기</span></button></div><a href="https://item.gmarket.co.kr/Item?goodscode=2518659095" class="link__itemcard-info"><span class="box__itemcard-title-area" id="itemCard_title_2518659095"><span class="text__brand"><span class="text">다우니</span></span><span class="text__title" id="item_title">다우니 섬유유연제 7일간 피어나는 향수 컬렉션 스프링 가든 러브 2.6L</span></span><span class="box__itemcard-price-area"><span class="box__price-seller"><span class="for-a11y">판매가</span><strong class="text__price-seller">10,900</strong><span class="text__unit">원</span></span><span class="box__prime-cost"><span class="for-a11y">원가</span><span class="text__unit-cost">(<!-- -->100mL당 419원<!-- -->)</span></span></span><span class="box__itemcard-info-score"><span class="sprite__smilefresh--before box__score-awards"><span class="for-a11y">평점</span><span class="text text__score">4.9</span><span class="for-a11y">후기</span><span class="text text__num">(22)</span><span class="for-a11y">건</span></span><span class="box__score-buycnt"><span class="text text__buy">구매</span><span class="text text__num">305</span><span class="for-a11y">건</span></span></span><span class="box__itemcard-benefit-tag"><span class="box__tag box__tag-coupon"><span class="sprite__smilefresh--before box__inner">15% 쿠폰</span></span></span></a><button type="button" class="sprite__smilefresh--after button__favorite-item" aria-describedby="itemCard_title_2518659095" aria-pressed="false" aria-label="관심상품 등록하기"></button></div></div></div></div></li><li class="list-item"><div class="box__itemcard-container"><div class="box__itemcard-body"><div class="box__itemcard-inner"><span class="box__thumbnail__label">29</span><a class="link__itemcard" href="https://item.gmarket.co.kr/Item?goodscode=2518774801" tabindex="-1" aria-hidden="true"><span class="box__itemcard-img"><img class="image__itemcard no-js-400?ver=1725111927" src="data:image/gif;base64,R0lGODlhAQABAIAAAP///wAAACH5BAEAAAAALAAAAAABAAEAAAICRAEAOw==" alt="아우라 건조기시트 120매(윌유메리미) - 상품 이미지"/><noscript><style>.no-js-400?ver=1725111927 { display: none !important; }</style><img class="image__itemcard" src="https://gdimg.gmarket.co.kr/2518774801/still/400?ver=1725111927" alt="아우라 건조기시트 120매(윌유메리미) - 상품 이미지"/></noscript></span></a><div class="box__itemcard-info"><div class="box__element-info"><div class="element-info-qty"><button aria-describedby="itemCard_title_2518774801" class="sprite__smilefresh--before element-info-qty-minus" aria-disabled="true"><span class="for-a11y">상품 수 <!-- -->1<!-- --> 감소</span></button><span class="element-info-item-qty" aria-describedby="itemCard_title_2518774801"><span class="for-a11y">선택된 수량</span> <!-- -->1</span><button aria-describedby="itemCard_title_2518774801" class="sprite__smilefresh--before element-info-qty-plus"><span class="for-a11y">상품 수 <!-- -->1<!-- --> 증가</span></button></div><button type="button" class="sprite__smilefresh--before element-info-cart" aria-describedby="itemCard_title_2518774801"><span class="for-a11y">장바구니 담기</span></button></div><a href="https://item.gmarket.co.kr/Item?goodscode=2518774801" class="link__itemcard-info"><span class="box__itemcard-title-area" id="itemCard_title_2518774801"><span class="text__brand"><span class="text">샤프란</span></span><span class="text__title" id="item_title">아우라 건조기시트 120매(윌유메리미)</span></span><span class="box__itemcard-price-area"><span class="box__price-seller"><span class="for-a11y">판매가</span><strong class="text__price-seller">13,900</strong><span class="text__unit">원</span></span><span class="box__prime-cost"><span class="for-a11y">원가</span><strong class="text__dc-rate">30<!-- -->%</strong><span class="text__prime-cost">19,900<span class="text__unit">원</span></span></span></span><span class="box__itemcard-info-score"><span class="sprite__smilefresh--before box__score-awards"><span class="for-a11y">평점</span><span class="text text__score">4.8</span><span class="for-a11y">후기</span><span class="text text__num">(211)</span><span class="for-a11y">건</span></span><span class="box__score-buycnt"><span class="text text__buy">구매</span><span class="text text__num">1,234</span><span class="for-a11y">건</span></span></span><span class="box__itemcard-benefit-tag"><span class="box__tag box__tag-coupon"><span class="sprite__smilefresh--before box__inner">15% 쿠폰</span></span></span></a><button type="button" class="sprite__smilefresh--after button__favorite-item" aria-describedby="itemCard_title_2518774801" aria-pressed="false" aria-label="관심상품 등록하기"></button></div></div></div></div></li><li class="list-item"><div class="box__itemcard-container"><div class="box__itemcard-body"><div class="box__itemcard-inner"><span class="box__thumbnail__label">30</span><a class="link__itemcard" href="https://item.gmarket.co.kr/Item?goodscode=3018662115" tabindex="-1" aria-hidden="true"><span class="box__itemcard-img"><img class="image__itemcard no-js-400?ver=1725131900" src="data:image/gif;base64,R0lGODlhAQABAIAAAP///wAAACH5BAEAAAAALAAAAAABAAEAAAICRAEAOw==" alt="피지 디나자임딥클린 2.6L리필(프레시) - 상품 이미지"/><noscript><style>.no-js-400?ver=1725131900 { display: none !important; }</style><img class="image__itemcard" src="https://gdimg.gmarket.co.kr/3018662115/still/400?ver=1725131900" alt="피지 디나자임딥클린 2.6L리필(프레시) - 상품 이미지"/></noscript></span></a><div class="box__itemcard-info"><div class="box__element-info"><div class="element-info-qty"><button aria-describedby="itemCard_title_3018662115" class="sprite__smilefresh--before element-info-qty-minus" aria-disabled="true"><span class="for-a11y">상품 수 <!-- -->1<!-- --> 감소</span></button><span class="element-info-item-qty" aria-describedby="itemCard_title_3018662115"><span class="for-a11y">선택된 수량</span> <!-- -->1</span><button aria-describedby="itemCard_title_3018662115" class="sprite__smilefresh--before element-info-qty-plus"><span class="for-a11y">상품 수 <!-- -->1<!-- --> 증가</span></button></div><button type="button" class="sprite__smilefresh--before element-info-cart" aria-describedby="itemCard_title_3018662115"><span class="for-a11y">장바구니 담기</span></button></div><a href="https://item.gmarket.co.kr/Item?goodscode=3018662115" class="link__itemcard-info"><span class="box__itemcard-title-area" id="itemCard_title_3018662115"><span class="text__brand"><span class="text">피지</span></span><span class="text__title" id="item_title">피지 디나자임딥클린 2.6L리필(프레시)</span></span><span class="box__itemcard-price-area"><span class="box__price-seller"><span class="for-a11y">판매가</span><strong class="text__price-seller">19,900</strong><span class="text__unit">원</span></span><span class="box__prime-cost"><span class="for-a11y">원가</span><span class="text__unit-cost">(<!-- -->100mL당 765원<!-- -->)</span></span></span><span class="box__itemcard-info-score"><span class="sprite__smilefresh--before box__score-awards"><span class="for-a11y">평점</span><span class="text text__score">4.8</span><span class="for-a11y">후기</span><span class="text text__num">(88)</span><span class="for-a11y">건</span></span><span class="box__score-buycnt"><span class="text text__buy">구매</span><span class="text text__num">439</span><span class="for-a11y">건</span></span></span><span class="box__itemcard-benefit-tag"><span class="box__tag box__tag-coupon"><span class="sprite__smilefresh--before box__inner">15% 쿠폰</span></span></span></a><button type="button" class="sprite__smilefresh--after button__favorite-item" aria-describedby="itemCard_title_3018662115" aria-pressed="false" aria-label="관심상품 등록하기"></button></div></div></div></div></li><li class="list-item"><div class="box__itemcard-container"><div class="box__itemcard-body"><div class="box__itemcard-inner"><span class="box__thumbnail__label">31</span><a class="link__itemcard" href="https://item.gmarket.co.kr/Item?goodscode=2518655094" tabindex="-1" aria-hidden="true"><span class="box__itemcard-img"><img class="image__itemcard no-js-400?ver=1725100297" src="data:image/gif;base64,R0lGODlhAQABAIAAAP///wAAACH5BAEAAAAALAAAAAABAAEAAAICRAEAOw==" alt="노브랜드 파워 배수관세척제 2L - 상품 이미지"/><noscript><style>.no-js-400?ver=1725100297 { display: none !important; }</style><img class="image__itemcard" src="https://gdimg.gmarket.co.kr/2518655094/still/400?ver=1725100297" alt="노브랜드 파워 배수관세척제 2L - 상품 이미지"/></noscript></span></a><div class="box__itemcard-info"><div class="box__element-info"><div class="element-info-qty"><button aria-describedby="itemCard_title_2518655094" class="sprite__smilefresh--before element-info-qty-minus" aria-disabled="true"><span class="for-a11y">상품 수 <!-- -->1<!-- --> 감소</span></button><span class="element-info-item-qty" aria-describedby="itemCard_title_2518655094"><span class="for-a11y">선택된 수량</span> <!-- -->1</span><button aria-describedby="itemCard_title_2518655094" class="sprite__smilefresh--before element-info-qty-plus"><span class="for-a11y">상품 수 <!-- -->1<!-- --> 증가</span></button></div><button type="button" class="sprite__smilefresh--before element-info-cart" aria-describedby="itemCard_title_2518655094"><span class="for-a11y">장바구니 담기</span></button></div><a href="https://item.gmarket.co.kr/Item?goodscode=2518655094" class="link__itemcard-info"><span class="box__itemcard-title-area" id="itemCard_title_2518655094"><span class="text__brand"><span class="text">노브랜드</span></span><span class="text__title" id="item_title">노브랜드 파워 배수관세척제 2L</span></span><span class="box__itemcard-price-area"><span class="box__price-seller"><span class="for-a11y">판매가</span><strong class="text__price-seller">3,280</strong><span class="text__unit">원</span></span></span><span class="box__itemcard-info-score"><span class="sprite__smilefresh--before box__score-awards"><span class="for-a11y">평점</span><span class="text text__score">4.8</span><span class="for-a11y">후기</span><span class="text text__num">(1,330)</span><span class="for-a11y">건</span></span><span class="box__score-buycnt"><span class="text text__buy">구매</span><span class="text text__num">4,552</span><span class="for-a11y">건</span></span></span></a><button type="button" class="sprite__smilefresh--after button__favorite-item" aria-describedby="itemCard_title_2518655094" aria-pressed="false" aria-label="관심상품 등록하기"></button></div></div></div></div></li><li class="list-item"><div class="box__itemcard-container"><div class="box__itemcard-body"><div class="box__itemcard-inner"><span class="box__thumbnail__label">32</span><a class="link__itemcard" href="https://item.gmarket.co.kr/Item?goodscode=2774883707" tabindex="-1" aria-hidden="true"><span class="box__itemcard-img"><img class="image__itemcard no-js-400?ver=1725129030" src="data:image/gif;base64,R0lGODlhAQABAIAAAP///wAAACH5BAEAAAAALAAAAAABAAEAAAICRAEAOw==" alt="퐁퐁 주방세제 1.2L(오렌지) - 상품 이미지"/><noscript><style>.no-js-400?ver=1725129030 { display: none !important; }</style><img class="image__itemcard" src="https://gdimg.gmarket.co.kr/2774883707/still/400?ver=1725129030" alt="퐁퐁 주방세제 1.2L(오렌지) - 상품 이미지"/></noscript></span></a><div class="box__itemcard-info"><div class="box__element-info"><div class="element-info-qty"><button aria-describedby="itemCard_title_2774883707" class="sprite__smilefresh--before element-info-qty-minus" aria-disabled="true"><span class="for-a11y">상품 수 <!-- -->1<!-- --> 감소</span></button><span class="element-info-item-qty" aria-describedby="itemCard_title_2774883707"><span class="for-a11y">선택된 수량</span> <!-- -->1</span><button aria-describedby="itemCard_title_2774883707" class="sprite__smilefresh--before element-info-qty-plus"><span class="for-a11y">상품 수 <!-- -->1<!-- --> 증가</span></button></div><button type="button" class="sprite__smilefresh--before element-info-cart" aria-describedby="itemCard_title_2774883707"><span class="for-a11y">장바구니 담기</span></button></div><a href="https://item.gmarket.co.kr/Item?goodscode=2774883707" class="link__itemcard-info"><span class="box__itemcard-title-area" id="itemCard_title_2774883707"><span class="text__brand"><span class="text">퐁퐁</span></span><span class="text__title" id="item_title">퐁퐁 주방세제 1.2L(오렌지)</span></span><span class="box__itemcard-price-area"><span class="box__price-seller"><span class="for-a11y">판매가</span><strong class="text__price-seller">2,350</strong><span class="text__unit">원</span></span><span class="box__prime-cost"><span class="for-a11y">원가</span><span class="text__unit-cost">(<!-- -->100mL당 196원<!-- -->)</span></span></span><span class="box__itemcard-info-score"><span class="sprite__smilefresh--before box__score-awards"><span class="for-a11y">평점</span><span class="text text__score">4.7</span><span class="for-a11y">후기</span><span class="text text__num">(708)</span><span class="for-a11y">건</span></span><span class="box__score-buycnt"><span class="text text__buy">구매</span><span class="text text__num">2,278</span><span class="for-a11y">건</span></span></span><span class="box__itemcard-benefit-tag"><span class="box__tag box__tag-coupon"><span class="sprite__smilefresh--before box__inner">15% 쿠폰</span></span></span></a><button type="button" class="sprite__smilefresh--after button__favorite-item" aria-describedby="itemCard_title_2774883707" aria-pressed="false" aria-label="관심상품 등록하기"></button></div></div></div></div></li><li class="list-item"><div class="box__itemcard-container"><div class="box__itemcard-body"><div class="box__itemcard-inner"><span class="box__thumbnail__label">33</span><a class="link__itemcard" href="https://item.gmarket.co.kr/Item?goodscode=2518697031" tabindex="-1" aria-hidden="true"><span class="box__itemcard-img"><img class="image__itemcard no-js-400?ver=1725091424" src="data:image/gif;base64,R0lGODlhAQABAIAAAP///wAAACH5BAEAAAAALAAAAAABAAEAAAICRAEAOw==" alt="퐁퐁 베이킹소다 주방세제 1.2L - 상품 이미지"/><noscript><style>.no-js-400?ver=1725091424 { display: none !important; }</style><img class="image__itemcard" src="https://gdimg.gmarket.co.kr/2518697031/still/400?ver=1725091424" alt="퐁퐁 베이킹소다 주방세제 1.2L - 상품 이미지"/></noscript></span></a><div class="box__itemcard-info"><div class="box__element-info"><div class="element-info-qty"><button aria-describedby="itemCard_title_2518697031" class="sprite__smilefresh--before element-info-qty-minus" aria-disabled="true"><span class="for-a11y">상품 수 <!-- -->1<!-- --> 감소</span></button><span class="element-info-item-qty" aria-describedby="itemCard_title_2518697031"><span class="for-a11y">선택된 수량</span> <!-- -->1</span><button aria-describedby="itemCard_title_2518697031" class="sprite__smilefresh--before element-info-qty-plus"><span class="for-a11y">상품 수 <!-- -->1<!-- --> 증가</span></button></div><button type="button" class="sprite__smilefresh--before element-info-cart" aria-describedby="itemCard_title_2518697031"><span class="for-a11y">장바구니 담기</span></button></div><a href="https://item.gmarket.co.kr/Item?goodscode=2518697031" class="link__itemcard-info"><span class="box__itemcard-title-area" id="itemCard_title_2518697031"><span class="text__brand"><span class="text">퐁퐁</span></span><span class="text__title" id="item_title">퐁퐁 베이킹소다 주방세제 1.2L</span></span><span class="box__itemcard-price-area"><span class="box__price-seller"><span class="for-a11y">판매가</span><strong class="text__price-seller">2,900</strong><span class="text__unit">원</span></span><span class="box__prime-cost"><span class="for-a11y">원가</span><strong class="text__dc-rate">25<!-- -->%</strong><span class="text__prime-cost">3,900<span class="text__unit">원</span></span><span class="text__unit-cost">(<!-- -->100mL당 242원<!-- -->)</span></span></span><span class="box__itemcard-info-score"><span class="sprite__smilefresh--before box__score-awards"><span class="for-a11y">평점</span><span class="text text__score">4.8</span><span class="for-a11y">후기</span><span class="text text__num">(546)</span><span class="for-a11y">건</span></span><span class="box__score-buycnt"><span class="text text__buy">구매</span><span class="text text__num">2,043</span><span class="for-a11y">건</span></span></span><span class="box__itemcard-benefit-tag"><span class="box__tag box__tag-coupon"><span class="sprite__smilefresh--before box__inner">15% 쿠폰</span></span></span></a><button type="button" class="sprite__smilefresh--after button__favorite-item" aria-describedby="itemCard_title_2518697031" aria-pressed="false" aria-label="관심상품 등록하기"></button></div></div></div></div></li><li class="list-item"><div class="box__itemcard-container"><div class="box__itemcard-body"><div class="box__itemcard-inner"><span class="box__thumbnail__label">34</span><a class="link__itemcard" href="https://item.gmarket.co.kr/Item?goodscode=2518963446" tabindex="-1" aria-hidden="true"><span class="box__itemcard-img"><img class="image__itemcard no-js-400?ver=1725120953" src="data:image/gif;base64,R0lGODlhAQABAIAAAP///wAAACH5BAEAAAAALAAAAAABAAEAAAICRAEAOw==" alt="다우니 7일간 피어나는 향수 컬렉션 프리지아 앤 페어 2.6L 1개 - 상품 이미지"/><noscript><style>.no-js-400?ver=1725120953 { display: none !important; }</style><img class="image__itemcard" src="https://gdimg.gmarket.co.kr/2518963446/still/400?ver=1725120953" alt="다우니 7일간 피어나는 향수 컬렉션 프리지아 앤 페어 2.6L 1개 - 상품 이미지"/></noscript></span></a><div class="box__itemcard-info"><div class="box__element-info"><div class="element-info-qty"><button aria-describedby="itemCard_title_2518963446" class="sprite__smilefresh--before element-info-qty-minus" aria-disabled="true"><span class="for-a11y">상품 수 <!-- -->1<!-- --> 감소</span></button><span class="element-info-item-qty" aria-describedby="itemCard_title_2518963446"><span class="for-a11y">선택된 수량</span> <!-- -->1</span><button aria-describedby="itemCard_title_2518963446" class="sprite__smilefresh--before element-info-qty-plus"><span class="for-a11y">상품 수 <!-- -->1<!-- --> 증가</span></button></div><button type="button" class="sprite__smilefresh--before element-info-cart" aria-describedby="itemCard_title_2518963446"><span class="for-a11y">장바구니 담기</span></button></div><a href="https://item.gmarket.co.kr/Item?goodscode=2518963446" class="link__itemcard-info"><span class="box__itemcard-title-area" id="itemCard_title_2518963446"><span class="text__brand"><span class="text">다우니</span></span><span class="text__title" id="item_title">다우니 7일간 피어나는 향수 컬렉션 프리지아 앤 페어 2.6L 1개</span></span><span class="box__itemcard-price-area"><span class="box__price-seller"><span class="for-a11y">판매가</span><strong class="text__price-seller">10,900</strong><span class="text__unit">원</span></span><span class="box__prime-cost"><span class="for-a11y">원가</span><span class="text__unit-cost">(<!-- -->100mL당 419원<!-- -->)</span></span></span><span class="box__itemcard-info-score"><span class="sprite__smilefresh--before box__score-awards"><span class="for-a11y">평점</span><span class="text text__score">4.7</span><span class="for-a11y">후기</span><span class="text text__num">(49)</span><span class="for-a11y">건</span></span><span class="box__score-buycnt"><span class="text text__buy">구매</span><span class="text text__num">398</span><span class="for-a11y">건</span></span></span><span class="box__itemcard-benefit-tag"><span class="box__tag box__tag-coupon"><span class="sprite__smilefresh--before box__inner">15% 쿠폰</span></span></span></a><button type="button" class="sprite__smilefresh--after button__favorite-item" aria-describedby="itemCard_title_2518963446" aria-pressed="false" aria-label="관심상품 등록하기"></button></div></div></div></div></li><li class="list-item"><div class="box__itemcard-container"><div class="box__itemcard-body"><div class="box__itemcard-inner"><span class="box__thumbnail__label">35</span><a class="link__itemcard" href="https://item.gmarket.co.kr/Item?goodscode=2522801017" tabindex="-1" aria-hidden="true"><span class="box__itemcard-img"><img class="image__itemcard no-js-400?ver=1725107440" src="data:image/gif;base64,R0lGODlhAQABAIAAAP///wAAACH5BAEAAAAALAAAAAABAAEAAAICRAEAOw==" alt="다우니 7일간 피어나는 향기 컬렉션 코튼 퓨어러브 초고농축 섬유유연제 2.6L - 상품 이미지"/><noscript><style>.no-js-400?ver=1725107440 { display: none !important; }</style><img class="image__itemcard" src="https://gdimg.gmarket.co.kr/2522801017/still/400?ver=1725107440" alt="다우니 7일간 피어나는 향기 컬렉션 코튼 퓨어러브 초고농축 섬유유연제 2.6L - 상품 이미지"/></noscript></span></a><div class="box__itemcard-info"><div class="box__element-info"><div class="element-info-qty"><button aria-describedby="itemCard_title_2522801017" class="sprite__smilefresh--before element-info-qty-minus" aria-disabled="true"><span class="for-a11y">상품 수 <!-- -->1<!-- --> 감소</span></button><span class="element-info-item-qty" aria-describedby="itemCard_title_2522801017"><span class="for-a11y">선택된 수량</span> <!-- -->1</span><button aria-describedby="itemCard_title_2522801017" class="sprite__smilefresh--before element-info-qty-plus"><span class="for-a11y">상품 수 <!-- -->1<!-- --> 증가</span></button></div><button type="button" class="sprite__smilefresh--before element-info-cart" aria-describedby="itemCard_title_2522801017"><span class="for-a11y">장바구니 담기</span></button></div><a href="https://item.gmarket.co.kr/Item?goodscode=2522801017" class="link__itemcard-info"><span class="box__itemcard-title-area" id="itemCard_title_2522801017"><span class="text__brand"><span class="text">다우니</span></span><span class="text__title" id="item_title">다우니 7일간 피어나는 향기 컬렉션 코튼 퓨어러브 초고농축 섬유유연제 2.6L</span></span><span class="box__itemcard-price-area"><span class="box__price-seller"><span class="for-a11y">판매가</span><strong class="text__price-seller">10,900</strong><span class="text__unit">원</span></span><span class="box__prime-cost"><span class="for-a11y">원가</span><span class="text__unit-cost">(<!-- -->100mL당 419원<!-- -->)</span></span></span><span class="box__itemcard-info-score"><span class="sprite__smilefresh--before box__score-awards"><span class="for-a11y">평점</span><span class="text text__score">4.7</span><span class="for-a11y">후기</span><span class="text text__num">(63)</span><span class="for-a11y">건</span></span><span class="box__score-buycnt"><span class="text text__buy">구매</span><span class="text text__num">371</span><span class="for-a11y">건</span></span></span><span class="box__itemcard-benefit-tag"><span class="box__tag box__tag-coupon"><span class="sprite__smilefresh--before box__inner">15% 쿠폰</span></span></span></a><button type="button" class="sprite__smilefresh--after button__favorite-item" aria-describedby="itemCard_title_2522801017" aria-pressed="false" aria-label="관심상품 등록하기"></button></div></div></div></div></li><li class="list-item"><div class="box__itemcard-container"><div class="box__itemcard-body"><div class="box__itemcard-inner"><span class="box__thumbnail__label">36</span><a class="link__itemcard" href="https://item.gmarket.co.kr/Item?goodscode=2621360965" tabindex="-1" aria-hidden="true"><span class="box__itemcard-img"><img class="image__itemcard no-js-400?ver=1725112108" src="data:image/gif;base64,R0lGODlhAQABAIAAAP///wAAACH5BAEAAAAALAAAAAABAAEAAAICRAEAOw==" alt="피죤 건조기시트 120매(미스틱레인) - 상품 이미지"/><noscript><style>.no-js-400?ver=1725112108 { display: none !important; }</style><img class="image__itemcard" src="https://gdimg.gmarket.co.kr/2621360965/still/400?ver=1725112108" alt="피죤 건조기시트 120매(미스틱레인) - 상품 이미지"/></noscript></span></a><div class="box__itemcard-info"><div class="box__element-info"><div class="element-info-qty"><button aria-describedby="itemCard_title_2621360965" class="sprite__smilefresh--before element-info-qty-minus" aria-disabled="true"><span class="for-a11y">상품 수 <!-- -->1<!-- --> 감소</span></button><span class="element-info-item-qty" aria-describedby="itemCard_title_2621360965"><span class="for-a11y">선택된 수량</span> <!-- -->1</span><button aria-describedby="itemCard_title_2621360965" class="sprite__smilefresh--before element-info-qty-plus"><span class="for-a11y">상품 수 <!-- -->1<!-- --> 증가</span></button></div><button type="button" class="sprite__smilefresh--before element-info-cart" aria-describedby="itemCard_title_2621360965"><span class="for-a11y">장바구니 담기</span></button></div><a href="https://item.gmarket.co.kr/Item?goodscode=2621360965" class="link__itemcard-info"><span class="box__itemcard-title-area" id="itemCard_title_2621360965"><span class="text__brand"><span class="text">피죤</span></span><span class="text__title" id="item_title">피죤 건조기시트 120매(미스틱레인)</span></span><span class="box__itemcard-price-area"><span class="box__price-seller"><span class="for-a11y">판매가</span><strong class="text__price-seller">17,900</strong><span class="text__unit">원</span></span></span><span class="box__itemcard-info-score"><span class="sprite__smilefresh--before box__score-awards"><span class="for-a11y">평점</span><span class="text text__score">4.8</span><span class="for-a11y">후기</span><span class="text text__num">(112)</span><span class="for-a11y">건</span></span><span class="box__score-buycnt"><span class="text text__buy">구매</span><span class="text text__num">521</span><span class="for-a11y">건</span></span></span><span class="box__itemcard-benefit-tag"><span class="box__tag box__tag-coupon"><span class="sprite__smilefresh--before box__inner">15% 쿠폰</span></span></span></a><button type="button" class="sprite__smilefresh--after button__favorite-item" aria-describedby="itemCard_title_2621360965" aria-pressed="false" aria-label="관심상품 등록하기"></button></div></div></div></div></li><li class="list-item"><div class="box__itemcard-container"><div class="box__itemcard-body"><div class="box__itemcard-inner"><span class="box__thumbnail__label">37</span><a class="link__itemcard" href="https://item.gmarket.co.kr/Item?goodscode=2523439509" tabindex="-1" aria-hidden="true"><span class="box__itemcard-img"><img class="image__itemcard no-js-400?ver=1725099985" src="data:image/gif;base64,R0lGODlhAQABAIAAAP///wAAACH5BAEAAAAALAAAAAABAAEAAAICRAEAOw==" alt="유한락스 주방청소900ML2 - 상품 이미지"/><noscript><style>.no-js-400?ver=1725099985 { display: none !important; }</style><img class="image__itemcard" src="https://gdimg.gmarket.co.kr/2523439509/still/400?ver=1725099985" alt="유한락스 주방청소900ML2 - 상품 이미지"/></noscript></span></a><div class="box__itemcard-info"><div class="box__element-info"><div class="element-info-qty"><button aria-describedby="itemCard_title_2523439509" class="sprite__smilefresh--before element-info-qty-minus" aria-disabled="true"><span class="for-a11y">상품 수 <!-- -->1<!-- --> 감소</span></button><span class="element-info-item-qty" aria-describedby="itemCard_title_2523439509"><span class="for-a11y">선택된 수량</span> <!-- -->1</span><button aria-describedby="itemCard_title_2523439509" class="sprite__smilefresh--before element-info-qty-plus"><span class="for-a11y">상품 수 <!-- -->1<!-- --> 증가</span></button></div><button type="button" class="sprite__smilefresh--before element-info-cart" aria-describedby="itemCard_title_2523439509"><span class="for-a11y">장바구니 담기</span></button></div><a href="https://item.gmarket.co.kr/Item?goodscode=2523439509" class="link__itemcard-info"><span class="box__itemcard-title-area" id="itemCard_title_2523439509"><span class="text__brand"><span class="text">유한락스</span></span><span class="text__title" id="item_title">유한락스 주방청소900ML2</span></span><span class="box__itemcard-price-area"><span class="box__price-seller"><span class="for-a11y">판매가</span><strong class="text__price-seller">7,900</strong><span class="text__unit">원</span></span><span class="box__prime-cost"><span class="for-a11y">원가</span><span class="text__unit-cost">(<!-- -->100mL당 439원<!-- -->)</span></span></span><span class="box__itemcard-info-score"><span class="sprite__smilefresh--before box__score-awards"><span class="for-a11y">평점</span><span class="text text__score">4.8</span><span class="for-a11y">후기</span><span class="text text__num">(206)</span><span class="for-a11y">건</span></span><span class="box__score-buycnt"><span class="text text__buy">구매</span><span class="text text__num">581</span><span class="for-a11y">건</span></span></span><span class="box__itemcard-benefit-tag"><span class="box__tag box__tag-coupon"><span class="sprite__smilefresh--before box__inner">15% 쿠폰</span></span></span></a><button type="button" class="sprite__smilefresh--after button__favorite-item" aria-describedby="itemCard_title_2523439509" aria-pressed="false" aria-label="관심상품 등록하기"></button></div></div></div></div></li><li class="list-item"><div class="box__itemcard-container"><div class="box__itemcard-body"><div class="box__itemcard-inner"><span class="box__thumbnail__label">38</span><a class="link__itemcard" href="https://item.gmarket.co.kr/Item?goodscode=2701642214" tabindex="-1" aria-hidden="true"><span class="box__itemcard-img"><img class="image__itemcard no-js-400?ver=1725126873" src="data:image/gif;base64,R0lGODlhAQABAIAAAP///wAAACH5BAEAAAAALAAAAAABAAEAAAICRAEAOw==" alt="테크 익스트림클린 세탁세제 2.6L - 상품 이미지"/><noscript><style>.no-js-400?ver=1725126873 { display: none !important; }</style><img class="image__itemcard" src="https://gdimg.gmarket.co.kr/2701642214/still/400?ver=1725126873" alt="테크 익스트림클린 세탁세제 2.6L - 상품 이미지"/></noscript></span></a><div class="box__itemcard-info"><div class="box__element-info"><div class="element-info-qty"><button aria-describedby="itemCard_title_2701642214" class="sprite__smilefresh--before element-info-qty-minus" aria-disabled="true"><span class="for-a11y">상품 수 <!-- -->1<!-- --> 감소</span></button><span class="element-info-item-qty" aria-describedby="itemCard_title_2701642214"><span class="for-a11y">선택된 수량</span> <!-- -->1</span><button aria-describedby="itemCard_title_2701642214" class="sprite__smilefresh--before element-info-qty-plus"><span class="for-a11y">상품 수 <!-- -->1<!-- --> 증가</span></button></div><button type="button" class="sprite__smilefresh--before element-info-cart" aria-describedby="itemCard_title_2701642214"><span class="for-a11y">장바구니 담기</span></button></div><a href="https://item.gmarket.co.kr/Item?goodscode=2701642214" class="link__itemcard-info"><span class="box__itemcard-title-area" id="itemCard_title_2701642214"><span class="text__brand"><span class="text">테크</span></span><span class="text__title" id="item_title">테크 익스트림클린 세탁세제 2.6L</span></span><span class="box__itemcard-price-area"><span class="box__price-seller"><span class="for-a11y">판매가</span><strong class="text__price-seller">5,980</strong><span class="text__unit">원</span></span></span><span class="box__itemcard-info-score"><span class="sprite__smilefresh--before box__score-awards"><span class="for-a11y">평점</span><span class="text text__score">4.7</span><span class="for-a11y">후기</span><span class="text text__num">(419)</span><span class="for-a11y">건</span></span><span class="box__score-buycnt"><span class="text text__buy">구매</span><span class="text text__num">2,224</span><span class="for-a11y">건</span></span></span><span class="box__itemcard-benefit-tag"><span class="box__tag box__tag-coupon"><span class="sprite__smilefresh--before box__inner">15% 쿠폰</span></span></span></a><button type="button" class="sprite__smilefresh--after button__favorite-item" aria-describedby="itemCard_title_2701642214" aria-pressed="false" aria-label="관심상품 등록하기"></button></div></div></div></div></li><li class="list-item"><div class="box__itemcard-container"><div class="box__itemcard-body"><div class="box__itemcard-inner"><span class="box__thumbnail__label">39</span><a class="link__itemcard" href="https://item.gmarket.co.kr/Item?goodscode=2523340776" tabindex="-1" aria-hidden="true"><span class="box__itemcard-img"><img class="image__itemcard no-js-400?ver=1725088253" src="data:image/gif;base64,R0lGODlhAQABAIAAAP///wAAACH5BAEAAAAALAAAAAABAAEAAAICRAEAOw==" alt="유한 락스와세제 다목적 세정제 755ml - 상품 이미지"/><noscript><style>.no-js-400?ver=1725088253 { display: none !important; }</style><img class="image__itemcard" src="https://gdimg.gmarket.co.kr/2523340776/still/400?ver=1725088253" alt="유한 락스와세제 다목적 세정제 755ml - 상품 이미지"/></noscript></span></a><div class="box__itemcard-info"><div class="box__element-info"><div class="element-info-qty"><button aria-describedby="itemCard_title_2523340776" class="sprite__smilefresh--before element-info-qty-minus" aria-disabled="true"><span class="for-a11y">상품 수 <!-- -->1<!-- --> 감소</span></button><span class="element-info-item-qty" aria-describedby="itemCard_title_2523340776"><span class="for-a11y">선택된 수량</span> <!-- -->1</span><button aria-describedby="itemCard_title_2523340776" class="sprite__smilefresh--before element-info-qty-plus"><span class="for-a11y">상품 수 <!-- -->1<!-- --> 증가</span></button></div><button type="button" class="sprite__smilefresh--before element-info-cart" aria-describedby="itemCard_title_2523340776"><span class="for-a11y">장바구니 담기</span></button></div><a href="https://item.gmarket.co.kr/Item?goodscode=2523340776" class="link__itemcard-info"><span class="box__itemcard-title-area" id="itemCard_title_2523340776"><span class="text__brand"><span class="text">유한락스</span></span><span class="text__title" id="item_title">유한 락스와세제 다목적 세정제 755ml</span></span><span class="box__itemcard-price-area"><span class="box__price-seller"><span class="for-a11y">판매가</span><strong class="text__price-seller">4,800</strong><span class="text__unit">원</span></span><span class="box__prime-cost"><span class="for-a11y">원가</span><span class="text__unit-cost">(<!-- -->100mL당 636원<!-- -->)</span></span></span><span class="box__itemcard-info-score"><span class="sprite__smilefresh--before box__score-awards"><span class="for-a11y">평점</span><span class="text text__score">4.8</span><span class="for-a11y">후기</span><span class="text text__num">(743)</span><span class="for-a11y">건</span></span><span class="box__score-buycnt"><span class="text text__buy">구매</span><span class="text text__num">4,969</span><span class="for-a11y">건</span></span></span><span class="box__itemcard-benefit-tag"><span class="box__tag box__tag-coupon"><span class="sprite__smilefresh--before box__inner">15% 쿠폰</span></span></span></a><button type="button" class="sprite__smilefresh--after button__favorite-item" aria-describedby="itemCard_title_2523340776" aria-pressed="false" aria-label="관심상품 등록하기"></button></div></div></div></div></li><li class="list-item"><div class="box__itemcard-container"><div class="box__itemcard-body"><div class="box__itemcard-inner"><span class="box__thumbnail__label">40</span><a class="link__itemcard" href="https://item.gmarket.co.kr/Item?goodscode=2612842615" tabindex="-1" aria-hidden="true"><span class="box__itemcard-img"><img class="image__itemcard no-js-400?ver=1712027718" src="data:image/gif;base64,R0lGODlhAQABAIAAAP///wAAACH5BAEAAAAALAAAAAABAAEAAAICRAEAOw==" alt="락앤락튼튼빨래건조대 - 상품 이미지"/><noscript><style>.no-js-400?ver=1712027718 { display: none !important; }</style><img class="image__itemcard" src="https://gdimg.gmarket.co.kr/2612842615/still/400?ver=1712027718" alt="락앤락튼튼빨래건조대 - 상품 이미지"/></noscript></span></a><div class="box__itemcard-info"><div class="box__element-info"><div class="element-info-qty"><button aria-describedby="itemCard_title_2612842615" class="sprite__smilefresh--before element-info-qty-minus" aria-disabled="true"><span class="for-a11y">상품 수 <!-- -->1<!-- --> 감소</span></button><span class="element-info-item-qty" aria-describedby="itemCard_title_2612842615"><span class="for-a11y">선택된 수량</span> <!-- -->1</span><button aria-describedby="itemCard_title_2612842615" class="sprite__smilefresh--before element-info-qty-plus"><span class="for-a11y">상품 수 <!-- -->1<!-- --> 증가</span></button></div><button type="button" class="sprite__smilefresh--before element-info-cart" aria-describedby="itemCard_title_2612842615"><span class="for-a11y">장바구니 담기</span></button></div><a href="https://item.gmarket.co.kr/Item?goodscode=2612842615" class="link__itemcard-info"><span class="box__itemcard-title-area" id="itemCard_title_2612842615"><span class="text__title" id="item_title">락앤락튼튼빨래건조대</span></span><span class="box__itemcard-price-area"><span class="box__price-seller"><span class="for-a11y">판매가</span><strong class="text__price-seller">40,900</strong><span class="text__unit">원</span></span></span><span class="box__itemcard-info-score"><span class="sprite__smilefresh--before box__score-awards"><span class="for-a11y">평점</span><span class="text text__score">4.9</span><span class="for-a11y">후기</span><span class="text text__num">(36)</span><span class="for-a11y">건</span></span><span class="box__score-buycnt"><span class="text text__buy">구매</span><span class="text text__num">81</span><span class="for-a11y">건</span></span></span><span class="box__itemcard-benefit-tag"><span class="box__tag box__tag-coupon"><span class="sprite__smilefresh--before box__inner">15% 쿠폰</span></span></span></a><button type="button" class="sprite__smilefresh--after button__favorite-item" aria-describedby="itemCard_title_2612842615" aria-pressed="false" aria-label="관심상품 등록하기"></button></div></div></div></div></li><li class="list-item"><div class="box__itemcard-container"><div class="box__itemcard-body"><div class="box__itemcard-inner"><span class="box__thumbnail__label">41</span><a class="link__itemcard" href="https://item.gmarket.co.kr/Item?goodscode=2518897674" tabindex="-1" aria-hidden="true"><span class="box__itemcard-img"><img class="image__itemcard no-js-400?ver=1725113928" src="data:image/gif;base64,R0lGODlhAQABAIAAAP///wAAACH5BAEAAAAALAAAAAABAAEAAAICRAEAOw==" alt="슈가버블 구연산 1KG - 상품 이미지"/><noscript><style>.no-js-400?ver=1725113928 { display: none !important; }</style><img class="image__itemcard" src="https://gdimg.gmarket.co.kr/2518897674/still/400?ver=1725113928" alt="슈가버블 구연산 1KG - 상품 이미지"/></noscript></span></a><div class="box__itemcard-info"><div class="box__element-info"><div class="element-info-qty"><button aria-describedby="itemCard_title_2518897674" class="sprite__smilefresh--before element-info-qty-minus" aria-disabled="true"><span class="for-a11y">상품 수 <!-- -->1<!-- --> 감소</span></button><span class="element-info-item-qty" aria-describedby="itemCard_title_2518897674"><span class="for-a11y">선택된 수량</span> <!-- -->1</span><button aria-describedby="itemCard_title_2518897674" class="sprite__smilefresh--before element-info-qty-plus"><span class="for-a11y">상품 수 <!-- -->1<!-- --> 증가</span></button></div><button type="button" class="sprite__smilefresh--before element-info-cart" aria-describedby="itemCard_title_2518897674"><span class="for-a11y">장바구니 담기</span></button></div><a href="https://item.gmarket.co.kr/Item?goodscode=2518897674" class="link__itemcard-info"><span class="box__itemcard-title-area" id="itemCard_title_2518897674"><span class="text__title" id="item_title">슈가버블 구연산 1KG</span></span><span class="box__itemcard-price-area"><span class="box__price-seller"><span class="for-a11y">판매가</span><strong class="text__price-seller">6,900</strong><span class="text__unit">원</span></span></span><span class="box__itemcard-info-score"><span class="sprite__smilefresh--before box__score-awards"><span class="for-a11y">평점</span><span class="text text__score">4.7</span><span class="for-a11y">후기</span><span class="text text__num">(323)</span><span class="for-a11y">건</span></span><span class="box__score-buycnt"><span class="text text__buy">구매</span><span class="text text__num">1,445</span><span class="for-a11y">건</span></span></span><span class="box__itemcard-benefit-tag"><span class="box__tag box__tag-coupon"><span class="sprite__smilefresh--before box__inner">15% 쿠폰</span></span></span></a><button type="button" class="sprite__smilefresh--after button__favorite-item" aria-describedby="itemCard_title_2518897674" aria-pressed="false" aria-label="관심상품 등록하기"></button></div></div></div></div></li><li class="list-item"><div class="box__itemcard-container"><div class="box__itemcard-body"><div class="box__itemcard-inner"><span class="box__thumbnail__label">42</span><a class="link__itemcard" href="https://item.gmarket.co.kr/Item?goodscode=2518951714" tabindex="-1" aria-hidden="true"><span class="box__itemcard-img"><img class="image__itemcard no-js-400?ver=1725114460" src="data:image/gif;base64,R0lGODlhAQABAIAAAP///wAAACH5BAEAAAAALAAAAAABAAEAAAICRAEAOw==" alt="노브랜드 손으로쓰는 물걸레 청소포 100매 - 상품 이미지"/><noscript><style>.no-js-400?ver=1725114460 { display: none !important; }</style><img class="image__itemcard" src="https://gdimg.gmarket.co.kr/2518951714/still/400?ver=1725114460" alt="노브랜드 손으로쓰는 물걸레 청소포 100매 - 상품 이미지"/></noscript></span></a><div class="box__itemcard-info"><div class="box__element-info"><div class="element-info-qty"><button aria-describedby="itemCard_title_2518951714" class="sprite__smilefresh--before element-info-qty-minus" aria-disabled="true"><span class="for-a11y">상품 수 <!-- -->1<!-- --> 감소</span></button><span class="element-info-item-qty" aria-describedby="itemCard_title_2518951714"><span class="for-a11y">선택된 수량</span> <!-- -->1</span><button aria-describedby="itemCard_title_2518951714" class="sprite__smilefresh--before element-info-qty-plus"><span class="for-a11y">상품 수 <!-- -->1<!-- --> 증가</span></button></div><button type="button" class="sprite__smilefresh--before element-info-cart" aria-describedby="itemCard_title_2518951714"><span class="for-a11y">장바구니 담기</span></button></div><a href="https://item.gmarket.co.kr/Item?goodscode=2518951714" class="link__itemcard-info"><span class="box__itemcard-title-area" id="itemCard_title_2518951714"><span class="text__brand"><span class="text">노브랜드</span></span><span class="text__title" id="item_title">노브랜드 손으로쓰는 물걸레 청소포 100매</span></span><span class="box__itemcard-price-area"><span class="box__price-seller"><span class="for-a11y">판매가</span><strong class="text__price-seller">1,680</strong><span class="text__unit">원</span></span></span><span class="box__itemcard-info-score"><span class="sprite__smilefresh--before box__score-awards"><span class="for-a11y">평점</span><span class="text text__score">4.7</span><span class="for-a11y">후기</span><span class="text text__num">(618)</span><span class="for-a11y">건</span></span><span class="box__score-buycnt"><span class="text text__buy">구매</span><span class="text text__num">2,658</span><span class="for-a11y">건</span></span></span></a><button type="button" class="sprite__smilefresh--after button__favorite-item" aria-describedby="itemCard_title_2518951714" aria-pressed="false" aria-label="관심상품 등록하기"></button></div></div></div></div></li><li class="list-item"><div class="box__itemcard-container"><div class="box__itemcard-body"><div class="box__itemcard-inner"><span class="box__thumbnail__label">43</span><a class="link__itemcard" href="https://item.gmarket.co.kr/Item?goodscode=2522103864" tabindex="-1" aria-hidden="true"><span class="box__itemcard-img"><img class="image__itemcard no-js-400?ver=1725100852" src="data:image/gif;base64,R0lGODlhAQABAIAAAP///wAAACH5BAEAAAAALAAAAAABAAEAAAICRAEAOw==" alt="기획 고로고로 초강력 테이프크리너 리필 6롤 - 상품 이미지"/><noscript><style>.no-js-400?ver=1725100852 { display: none !important; }</style><img class="image__itemcard" src="https://gdimg.gmarket.co.kr/2522103864/still/400?ver=1725100852" alt="기획 고로고로 초강력 테이프크리너 리필 6롤 - 상품 이미지"/></noscript></span></a><div class="box__itemcard-info"><div class="box__element-info"><div class="element-info-qty"><button aria-describedby="itemCard_title_2522103864" class="sprite__smilefresh--before element-info-qty-minus" aria-disabled="true"><span class="for-a11y">상품 수 <!-- -->1<!-- --> 감소</span></button><span class="element-info-item-qty" aria-describedby="itemCard_title_2522103864"><span class="for-a11y">선택된 수량</span> <!-- -->1</span><button aria-describedby="itemCard_title_2522103864" class="sprite__smilefresh--before element-info-qty-plus"><span class="for-a11y">상품 수 <!-- -->1<!-- --> 증가</span></button></div><button type="button" class="sprite__smilefresh--before element-info-cart" aria-describedby="itemCard_title_2522103864"><span class="for-a11y">장바구니 담기</span></button></div><a href="https://item.gmarket.co.kr/Item?goodscode=2522103864" class="link__itemcard-info"><span class="box__itemcard-title-area" id="itemCard_title_2522103864"><span class="text__brand"><span class="text">고로고로</span></span><span class="text__title" id="item_title">기획 고로고로 초강력 테이프크리너 리필 6롤</span></span><span class="box__itemcard-price-area"><span class="box__price-seller"><span class="for-a11y">판매가</span><strong class="text__price-seller">13,500</strong><span class="text__unit">원</span></span></span><span class="box__itemcard-info-score"><span class="sprite__smilefresh--before box__score-awards"><span class="for-a11y">평점</span><span class="text text__score">4.8</span><span class="for-a11y">후기</span><span class="text text__num">(178)</span><span class="for-a11y">건</span></span><span class="box__score-buycnt"><span class="text text__buy">구매</span><span class="text text__num">768</span><span class="for-a11y">건</span></span></span><span class="box__itemcard-benefit-tag"><span class="box__tag box__tag-coupon"><span class="sprite__smilefresh--before box__inner">15% 쿠폰</span></span></span></a><button type="button" class="sprite__smilefresh--after button__favorite-item" aria-describedby="itemCard_title_2522103864" aria-pressed="false" aria-label="관심상품 등록하기"></button></div></div></div></div></li><li class="list-item"><div class="box__itemcard-container"><div class="box__itemcard-body"><div class="box__itemcard-inner"><span class="box__thumbnail__label">44</span><a class="link__itemcard" href="https://item.gmarket.co.kr/Item?goodscode=2522402480" tabindex="-1" aria-hidden="true"><span class="box__itemcard-img"><img class="image__itemcard no-js-400?ver=1725101288" src="data:image/gif;base64,R0lGODlhAQABAIAAAP///wAAACH5BAEAAAAALAAAAAABAAEAAAICRAEAOw==" alt="컴배트 파워 울트라 슬림 10입 - 상품 이미지"/><noscript><style>.no-js-400?ver=1725101288 { display: none !important; }</style><img class="image__itemcard" src="https://gdimg.gmarket.co.kr/2522402480/still/400?ver=1725101288" alt="컴배트 파워 울트라 슬림 10입 - 상품 이미지"/></noscript></span></a><div class="box__itemcard-info"><div class="box__element-info"><div class="element-info-qty"><button aria-describedby="itemCard_title_2522402480" class="sprite__smilefresh--before element-info-qty-minus" aria-disabled="true"><span class="for-a11y">상품 수 <!-- -->1<!-- --> 감소</span></button><span class="element-info-item-qty" aria-describedby="itemCard_title_2522402480"><span class="for-a11y">선택된 수량</span> <!-- -->1</span><button aria-describedby="itemCard_title_2522402480" class="sprite__smilefresh--before element-info-qty-plus"><span class="for-a11y">상품 수 <!-- -->1<!-- --> 증가</span></button></div><button type="button" class="sprite__smilefresh--before element-info-cart" aria-describedby="itemCard_title_2522402480"><span class="for-a11y">장바구니 담기</span></button></div><a href="https://item.gmarket.co.kr/Item?goodscode=2522402480" class="link__itemcard-info"><span class="box__itemcard-title-area" id="itemCard_title_2522402480"><span class="text__brand"><span class="text">헨켈</span></span><span class="text__title" id="item_title">컴배트 파워 울트라 슬림 10입</span></span><span class="box__itemcard-price-area"><span class="box__price-seller"><span class="for-a11y">판매가</span><strong class="text__price-seller">14,900</strong><span class="text__unit">원</span></span></span><span class="box__itemcard-info-score"><span class="sprite__smilefresh--before box__score-awards"><span class="for-a11y">평점</span><span class="text text__score">4.9</span><span class="for-a11y">후기</span><span class="text text__num">(14)</span><span class="for-a11y">건</span></span><span class="box__score-buycnt"><span class="text text__buy">구매</span><span class="text text__num">36</span><span class="for-a11y">건</span></span></span><span class="box__itemcard-benefit-tag"><span class="box__tag box__tag-coupon"><span class="sprite__smilefresh--before box__inner">15% 쿠폰</span></span></span></a><button type="button" class="sprite__smilefresh--after button__favorite-item" aria-describedby="itemCard_title_2522402480" aria-pressed="false" aria-label="관심상품 등록하기"></button></div></div></div></div></li><li class="list-item"><div class="box__itemcard-container"><div class="box__itemcard-body"><div class="box__itemcard-inner"><span class="box__thumbnail__label">45</span><a class="link__itemcard" href="https://item.gmarket.co.kr/Item?goodscode=2625401375" tabindex="-1" aria-hidden="true"><span class="box__itemcard-img"><img class="image__itemcard no-js-400?ver=1725101664" src="data:image/gif;base64,R0lGODlhAQABAIAAAP///wAAACH5BAEAAAAALAAAAAABAAEAAAICRAEAOw==" alt="해피홈 좀벌레아웃 옷장용 7개입 - 상품 이미지"/><noscript><style>.no-js-400?ver=1725101664 { display: none !important; }</style><img class="image__itemcard" src="https://gdimg.gmarket.co.kr/2625401375/still/400?ver=1725101664" alt="해피홈 좀벌레아웃 옷장용 7개입 - 상품 이미지"/></noscript></span></a><div class="box__itemcard-info"><div class="box__element-info"><div class="element-info-qty"><button aria-describedby="itemCard_title_2625401375" class="sprite__smilefresh--before element-info-qty-minus" aria-disabled="true"><span class="for-a11y">상품 수 <!-- -->1<!-- --> 감소</span></button><span class="element-info-item-qty" aria-describedby="itemCard_title_2625401375"><span class="for-a11y">선택된 수량</span> <!-- -->1</span><button aria-describedby="itemCard_title_2625401375" class="sprite__smilefresh--before element-info-qty-plus"><span class="for-a11y">상품 수 <!-- -->1<!-- --> 증가</span></button></div><button type="button" class="sprite__smilefresh--before element-info-cart" aria-describedby="itemCard_title_2625401375"><span class="for-a11y">장바구니 담기</span></button></div><a href="https://item.gmarket.co.kr/Item?goodscode=2625401375" class="link__itemcard-info"><span class="box__itemcard-title-area" id="itemCard_title_2625401375"><span class="text__brand"><span class="text">유한양행</span></span><span class="text__title" id="item_title">해피홈 좀벌레아웃 옷장용 7개입</span></span><span class="box__itemcard-price-area"><span class="box__price-seller"><span class="for-a11y">판매가</span><strong class="text__price-seller">10,900</strong><span class="text__unit">원</span></span></span><span class="box__itemcard-info-score"><span class="sprite__smilefresh--before box__score-awards"><span class="for-a11y">평점</span><span class="text text__score">4.7</span><span class="for-a11y">후기</span><span class="text text__num">(81)</span><span class="for-a11y">건</span></span><span class="box__score-buycnt"><span class="text text__buy">구매</span><span class="text text__num">354</span><span class="for-a11y">건</span></span></span><span class="box__itemcard-benefit-tag"><span class="box__tag box__tag-coupon"><span class="sprite__smilefresh--before box__inner">15% 쿠폰</span></span></span></a><button type="button" class="sprite__smilefresh--after button__favorite-item" aria-describedby="itemCard_title_2625401375" aria-pressed="false" aria-label="관심상품 등록하기"></button></div></div></div></div></li><li class="list-item"><div class="box__itemcard-container"><div class="box__itemcard-body"><div class="box__itemcard-inner"><span class="box__thumbnail__label">46</span><a class="link__itemcard" href="https://item.gmarket.co.kr/Item?goodscode=2692898603" tabindex="-1" aria-hidden="true"><span class="box__itemcard-img"><img class="image__itemcard no-js-400?ver=1725127052" src="data:image/gif;base64,R0lGODlhAQABAIAAAP///wAAACH5BAEAAAAALAAAAAABAAEAAAICRAEAOw==" alt="퐁퐁 오렌지솔트 주방세제 1.2L - 상품 이미지"/><noscript><style>.no-js-400?ver=1725127052 { display: none !important; }</style><img class="image__itemcard" src="https://gdimg.gmarket.co.kr/2692898603/still/400?ver=1725127052" alt="퐁퐁 오렌지솔트 주방세제 1.2L - 상품 이미지"/></noscript></span></a><div class="box__itemcard-info"><div class="box__element-info"><div class="element-info-qty"><button aria-describedby="itemCard_title_2692898603" class="sprite__smilefresh--before element-info-qty-minus" aria-disabled="true"><span class="for-a11y">상품 수 <!-- -->1<!-- --> 감소</span></button><span class="element-info-item-qty" aria-describedby="itemCard_title_2692898603"><span class="for-a11y">선택된 수량</span> <!-- -->1</span><button aria-describedby="itemCard_title_2692898603" class="sprite__smilefresh--before element-info-qty-plus"><span class="for-a11y">상품 수 <!-- -->1<!-- --> 증가</span></button></div><button type="button" class="sprite__smilefresh--before element-info-cart" aria-describedby="itemCard_title_2692898603"><span class="for-a11y">장바구니 담기</span></button></div><a href="https://item.gmarket.co.kr/Item?goodscode=2692898603" class="link__itemcard-info"><span class="box__itemcard-title-area" id="itemCard_title_2692898603"><span class="text__brand"><span class="text">퐁퐁</span></span><span class="text__title" id="item_title">퐁퐁 오렌지솔트 주방세제 1.2L</span></span><span class="box__itemcard-price-area"><span class="box__price-seller"><span class="for-a11y">판매가</span><strong class="text__price-seller">4,500</strong><span class="text__unit">원</span></span></span><span class="box__itemcard-info-score"><span class="sprite__smilefresh--before box__score-awards"><span class="for-a11y">평점</span><span class="text text__score">4.8</span><span class="for-a11y">후기</span><span class="text text__num">(700)</span><span class="for-a11y">건</span></span><span class="box__score-buycnt"><span class="text text__buy">구매</span><span class="text text__num">3,556</span><span class="for-a11y">건</span></span></span><span class="box__itemcard-benefit-tag"><span class="box__tag box__tag-coupon"><span class="sprite__smilefresh--before box__inner">15% 쿠폰</span></span></span></a><button type="button" class="sprite__smilefresh--after button__favorite-item" aria-describedby="itemCard_title_2692898603" aria-pressed="false" aria-label="관심상품 등록하기"></button></div></div></div></div></li><li class="list-item"><div class="box__itemcard-container"><div class="box__itemcard-body"><div class="box__itemcard-inner"><span class="box__thumbnail__label">47</span><a class="link__itemcard" href="https://item.gmarket.co.kr/Item?goodscode=2518897663" tabindex="-1" aria-hidden="true"><span class="box__itemcard-img"><img class="image__itemcard no-js-400?ver=1725113905" src="data:image/gif;base64,R0lGODlhAQABAIAAAP///wAAACH5BAEAAAAALAAAAAABAAEAAAICRAEAOw==" alt="슈가버블 베이킹소다 2KG - 상품 이미지"/><noscript><style>.no-js-400?ver=1725113905 { display: none !important; }</style><img class="image__itemcard" src="https://gdimg.gmarket.co.kr/2518897663/still/400?ver=1725113905" alt="슈가버블 베이킹소다 2KG - 상품 이미지"/></noscript></span></a><div class="box__itemcard-info"><div class="box__element-info"><div class="element-info-qty"><button aria-describedby="itemCard_title_2518897663" class="sprite__smilefresh--before element-info-qty-minus" aria-disabled="true"><span class="for-a11y">상품 수 <!-- -->1<!-- --> 감소</span></button><span class="element-info-item-qty" aria-describedby="itemCard_title_2518897663"><span class="for-a11y">선택된 수량</span> <!-- -->1</span><button aria-describedby="itemCard_title_2518897663" class="sprite__smilefresh--before element-info-qty-plus"><span class="for-a11y">상품 수 <!-- -->1<!-- --> 증가</span></button></div><button type="button" class="sprite__smilefresh--before element-info-cart" aria-describedby="itemCard_title_2518897663"><span class="for-a11y">장바구니 담기</span></button></div><a href="https://item.gmarket.co.kr/Item?goodscode=2518897663" class="link__itemcard-info"><span class="box__itemcard-title-area" id="itemCard_title_2518897663"><span class="text__brand"><span class="text">슈가버블</span></span><span class="text__title" id="item_title">슈가버블 베이킹소다 2KG</span></span><span class="box__itemcard-price-area"><span class="box__price-seller"><span class="for-a11y">판매가</span><strong class="text__price-seller">6,900</strong><span class="text__unit">원</span></span></span><span class="box__itemcard-info-score"><span class="sprite__smilefresh--before box__score-awards"><span class="for-a11y">평점</span><span class="text text__score">4.8</span><span class="for-a11y">후기</span><span class="text text__num">(497)</span><span class="for-a11y">건</span></span><span class="box__score-buycnt"><span class="text text__buy">구매</span><span class="text text__num">2,052</span><span class="for-a11y">건</span></span></span><span class="box__itemcard-benefit-tag"><span class="box__tag box__tag-coupon"><span class="sprite__smilefresh--before box__inner">15% 쿠폰</span></span></span></a><button type="button" class="sprite__smilefresh--after button__favorite-item" aria-describedby="itemCard_title_2518897663" aria-pressed="false" aria-label="관심상품 등록하기"></button></div></div></div></div></li><li class="list-item"><div class="box__itemcard-container"><div class="box__itemcard-body"><div class="box__itemcard-inner"><span class="box__thumbnail__label">48</span><a class="link__itemcard" href="https://item.gmarket.co.kr/Item?goodscode=3544878745" tabindex="-1" aria-hidden="true"><span class="box__itemcard-img"><img class="image__itemcard no-js-400?ver=1725135512" src="data:image/gif;base64,R0lGODlhAQABAIAAAP///wAAACH5BAEAAAAALAAAAAABAAEAAAICRAEAOw==" alt="테크 찬물강화 특유취제거 세탁세제 2.6L리필 - 상품 이미지"/><noscript><style>.no-js-400?ver=1725135512 { display: none !important; }</style><img class="image__itemcard" src="https://gdimg.gmarket.co.kr/3544878745/still/400?ver=1725135512" alt="테크 찬물강화 특유취제거 세탁세제 2.6L리필 - 상품 이미지"/></noscript></span></a><div class="box__itemcard-info"><div class="box__element-info"><div class="element-info-qty"><button aria-describedby="itemCard_title_3544878745" class="sprite__smilefresh--before element-info-qty-minus" aria-disabled="true"><span class="for-a11y">상품 수 <!-- -->1<!-- --> 감소</span></button><span class="element-info-item-qty" aria-describedby="itemCard_title_3544878745"><span class="for-a11y">선택된 수량</span> <!-- -->1</span><button aria-describedby="itemCard_title_3544878745" class="sprite__smilefresh--before element-info-qty-plus"><span class="for-a11y">상품 수 <!-- -->1<!-- --> 증가</span></button></div><button type="button" class="sprite__smilefresh--before element-info-cart" aria-describedby="itemCard_title_3544878745"><span class="for-a11y">장바구니 담기</span></button></div><a href="https://item.gmarket.co.kr/Item?goodscode=3544878745" class="link__itemcard-info"><span class="box__itemcard-title-area" id="itemCard_title_3544878745"><span class="text__brand"><span class="text">테크</span></span><span class="text__title" id="item_title">테크 찬물강화 특유취제거 세탁세제 2.6L리필</span></span><span class="box__itemcard-price-area"><span class="box__price-seller"><span class="for-a11y">판매가</span><strong class="text__price-seller">19,800</strong><span class="text__unit">원</span></span><span class="box__prime-cost"><span class="for-a11y">원가</span><span class="text__unit-cost">(<!-- -->100mL당 762원<!-- -->)</span></span></span><span class="box__itemcard-info-score"><span class="sprite__smilefresh--before box__score-awards"><span class="for-a11y">평점</span><span class="text text__score">4.6</span><span class="for-a11y">후기</span><span class="text text__num">(37)</span><span class="for-a11y">건</span></span><span class="box__score-buycnt"><span class="text text__buy">구매</span><span class="text text__num">207</span><span class="for-a11y">건</span></span></span><span class="box__itemcard-benefit-tag"><span class="box__tag box__tag-coupon"><span class="sprite__smilefresh--before box__inner">15% 쿠폰</span></span></span></a><button type="button" class="sprite__smilefresh--after button__favorite-item" aria-describedby="itemCard_title_3544878745" aria-pressed="false" aria-label="관심상품 등록하기"></button></div></div></div></div></li><li class="list-item"><div class="box__itemcard-container"><div class="box__itemcard-body"><div class="box__itemcard-inner"><span class="box__thumbnail__label">49</span><a class="link__itemcard" href="https://item.gmarket.co.kr/Item?goodscode=2519020319" tabindex="-1" aria-hidden="true"><span class="box__itemcard-img"><img class="image__itemcard no-js-400?ver=1725115336" src="data:image/gif;base64,R0lGODlhAQABAIAAAP///wAAACH5BAEAAAAALAAAAAABAAEAAAICRAEAOw==" alt="아우라 섬유유연제 2L(윌유 메리미) - 상품 이미지"/><noscript><style>.no-js-400?ver=1725115336 { display: none !important; }</style><img class="image__itemcard" src="https://gdimg.gmarket.co.kr/2519020319/still/400?ver=1725115336" alt="아우라 섬유유연제 2L(윌유 메리미) - 상품 이미지"/></noscript></span></a><div class="box__itemcard-info"><div class="box__element-info"><div class="element-info-qty"><button aria-describedby="itemCard_title_2519020319" class="sprite__smilefresh--before element-info-qty-minus" aria-disabled="true"><span class="for-a11y">상품 수 <!-- -->1<!-- --> 감소</span></button><span class="element-info-item-qty" aria-describedby="itemCard_title_2519020319"><span class="for-a11y">선택된 수량</span> <!-- -->1</span><button aria-describedby="itemCard_title_2519020319" class="sprite__smilefresh--before element-info-qty-plus"><span class="for-a11y">상품 수 <!-- -->1<!-- --> 증가</span></button></div><button type="button" class="sprite__smilefresh--before element-info-cart" aria-describedby="itemCard_title_2519020319"><span class="for-a11y">장바구니 담기</span></button></div><a href="https://item.gmarket.co.kr/Item?goodscode=2519020319" class="link__itemcard-info"><span class="box__itemcard-title-area" id="itemCard_title_2519020319"><span class="text__brand"><span class="text">샤프란</span></span><span class="text__title" id="item_title">아우라 섬유유연제 2L(윌유 메리미)</span></span><span class="box__itemcard-price-area"><span class="box__price-seller"><span class="for-a11y">판매가</span><strong class="text__price-seller">14,900</strong><span class="text__unit">원</span></span><span class="box__prime-cost"><span class="for-a11y">원가</span><span class="text__unit-cost">(<!-- -->100mL당 745원<!-- -->)</span></span></span><span class="box__itemcard-info-score"><span class="sprite__smilefresh--before box__score-awards"><span class="for-a11y">평점</span><span class="text text__score">4.8</span><span class="for-a11y">후기</span><span class="text text__num">(146)</span><span class="for-a11y">건</span></span><span class="box__score-buycnt"><span class="text text__buy">구매</span><span class="text text__num">1,413</span><span class="for-a11y">건</span></span></span><span class="box__itemcard-benefit-tag"><span class="box__tag box__tag-coupon"><span class="sprite__smilefresh--before box__inner">15% 쿠폰</span></span></span></a><button type="button" class="sprite__smilefresh--after button__favorite-item" aria-describedby="itemCard_title_2519020319" aria-pressed="false" aria-label="관심상품 등록하기"></button></div></div></div></div></li><li class="list-item"><div class="box__itemcard-container"><div class="box__itemcard-body"><div class="box__itemcard-inner"><span class="box__thumbnail__label">50</span><a class="link__itemcard" href="https://item.gmarket.co.kr/Item?goodscode=2518944525" tabindex="-1" aria-hidden="true"><span class="box__itemcard-img"><img class="image__itemcard no-js-400?ver=1725112462" src="data:image/gif;base64,R0lGODlhAQABAIAAAP///wAAACH5BAEAAAAALAAAAAABAAEAAAICRAEAOw==" alt="피죤 건조기시트 120매(플라워페스티벌) - 상품 이미지"/><noscript><style>.no-js-400?ver=1725112462 { display: none !important; }</style><img class="image__itemcard" src="https://gdimg.gmarket.co.kr/2518944525/still/400?ver=1725112462" alt="피죤 건조기시트 120매(플라워페스티벌) - 상품 이미지"/></noscript></span></a><div class="box__itemcard-info"><div class="box__element-info"><div class="element-info-qty"><button aria-describedby="itemCard_title_2518944525" class="sprite__smilefresh--before element-info-qty-minus" aria-disabled="true"><span class="for-a11y">상품 수 <!-- -->1<!-- --> 감소</span></button><span class="element-info-item-qty" aria-describedby="itemCard_title_2518944525"><span class="for-a11y">선택된 수량</span> <!-- -->1</span><button aria-describedby="itemCard_title_2518944525" class="sprite__smilefresh--before element-info-qty-plus"><span class="for-a11y">상품 수 <!-- -->1<!-- --> 증가</span></button></div><button type="button" class="sprite__smilefresh--before element-info-cart" aria-describedby="itemCard_title_2518944525"><span class="for-a11y">장바구니 담기</span></button></div><a href="https://item.gmarket.co.kr/Item?goodscode=2518944525" class="link__itemcard-info"><span class="box__itemcard-title-area" id="itemCard_title_2518944525"><span class="text__brand"><span class="text">피죤</span></span><span class="text__title" id="item_title">피죤 건조기시트 120매(플라워페스티벌)</span></span><span class="box__itemcard-price-area"><span class="box__price-seller"><span class="for-a11y">판매가</span><strong class="text__price-seller">17,900</strong><span class="text__unit">원</span></span></span><span class="box__itemcard-info-score"><span class="sprite__smilefresh--before box__score-awards"><span class="for-a11y">평점</span><span class="text text__score">4.6</span><span class="for-a11y">후기</span><span class="text text__num">(95)</span><span class="for-a11y">건</span></span><span class="box__score-buycnt"><span class="text text__buy">구매</span><span class="text text__num">417</span><span class="for-a11y">건</span></span></span><span class="box__itemcard-benefit-tag"><span class="box__tag box__tag-coupon"><span class="sprite__smilefresh--before box__inner">15% 쿠폰</span></span></span></a><button type="button" class="sprite__smilefresh--after button__favorite-item" aria-describedby="itemCard_title_2518944525" aria-pressed="false" aria-label="관심상품 등록하기"></button></div></div></div></div></li><li class="list-item"><div class="box__itemcard-container"><div class="box__itemcard-body"><div class="box__itemcard-inner"><span class="box__thumbnail__label">51</span><a class="link__itemcard" href="https://item.gmarket.co.kr/Item?goodscode=2519098859" tabindex="-1" aria-hidden="true"><span class="box__itemcard-img"><img class="image__itemcard no-js-400?ver=1689183797" src="data:image/gif;base64,R0lGODlhAQABAIAAAP///wAAACH5BAEAAAAALAAAAAABAAEAAAICRAEAOw==" alt="3M 스카치-브라이트 올터치 막대걸레 대형 - 상품 이미지"/><noscript><style>.no-js-400?ver=1689183797 { display: none !important; }</style><img class="image__itemcard" src="https://gdimg.gmarket.co.kr/2519098859/still/400?ver=1689183797" alt="3M 스카치-브라이트 올터치 막대걸레 대형 - 상품 이미지"/></noscript></span></a><div class="box__itemcard-info"><div class="box__element-info"><div class="element-info-qty"><button aria-describedby="itemCard_title_2519098859" class="sprite__smilefresh--before element-info-qty-minus" aria-disabled="true"><span class="for-a11y">상품 수 <!-- -->1<!-- --> 감소</span></button><span class="element-info-item-qty" aria-describedby="itemCard_title_2519098859"><span class="for-a11y">선택된 수량</span> <!-- -->1</span><button aria-describedby="itemCard_title_2519098859" class="sprite__smilefresh--before element-info-qty-plus"><span class="for-a11y">상품 수 <!-- -->1<!-- --> 증가</span></button></div><button type="button" class="sprite__smilefresh--before element-info-cart" aria-describedby="itemCard_title_2519098859"><span class="for-a11y">장바구니 담기</span></button></div><a href="https://item.gmarket.co.kr/Item?goodscode=2519098859" class="link__itemcard-info"><span class="box__itemcard-title-area" id="itemCard_title_2519098859"><span class="text__title" id="item_title">3M 스카치-브라이트 올터치 막대걸레 대형</span></span><span class="box__itemcard-price-area"><span class="box__price-seller"><span class="for-a11y">판매가</span><strong class="text__price-seller">19,600</strong><span class="text__unit">원</span></span><span class="box__prime-cost"><span class="for-a11y">원가</span><strong class="text__dc-rate">20<!-- -->%</strong><span class="text__prime-cost">24,500<span class="text__unit">원</span></span></span></span><span class="box__itemcard-info-score"><span class="sprite__smilefresh--before box__score-awards"><span class="for-a11y">평점</span><span class="text text__score">4.7</span><span class="for-a11y">후기</span><span class="text text__num">(89)</span><span class="for-a11y">건</span></span><span class="box__score-buycnt"><span class="text text__buy">구매</span><span class="text text__num">213</span><span class="for-a11y">건</span></span></span><span class="box__itemcard-benefit-tag"><span class="box__tag box__tag-coupon"><span class="sprite__smilefresh--before box__inner">15% 쿠폰</span></span></span></a><button type="button" class="sprite__smilefresh--after button__favorite-item" aria-describedby="itemCard_title_2519098859" aria-pressed="false" aria-label="관심상품 등록하기"></button></div></div></div></div></li><li class="list-item"><div class="box__itemcard-container"><div class="box__itemcard-body"><div class="box__itemcard-inner"><span class="box__thumbnail__label">52</span><a class="link__itemcard" href="https://item.gmarket.co.kr/Item?goodscode=2522158605" tabindex="-1" aria-hidden="true"><span class="box__itemcard-img"><img class="image__itemcard no-js-400?ver=1725101058" src="data:image/gif;base64,R0lGODlhAQABAIAAAP///wAAACH5BAEAAAAALAAAAAABAAEAAAICRAEAOw==" alt="다우니 퍼퓸 쥬얼 향기부스터 480G(에메랄드 브리즈) - 상품 이미지"/><noscript><style>.no-js-400?ver=1725101058 { display: none !important; }</style><img class="image__itemcard" src="https://gdimg.gmarket.co.kr/2522158605/still/400?ver=1725101058" alt="다우니 퍼퓸 쥬얼 향기부스터 480G(에메랄드 브리즈) - 상품 이미지"/></noscript></span></a><div class="box__itemcard-info"><div class="box__element-info"><div class="element-info-qty"><button aria-describedby="itemCard_title_2522158605" class="sprite__smilefresh--before element-info-qty-minus" aria-disabled="true"><span class="for-a11y">상품 수 <!-- -->1<!-- --> 감소</span></button><span class="element-info-item-qty" aria-describedby="itemCard_title_2522158605"><span class="for-a11y">선택된 수량</span> <!-- -->1</span><button aria-describedby="itemCard_title_2522158605" class="sprite__smilefresh--before element-info-qty-plus"><span class="for-a11y">상품 수 <!-- -->1<!-- --> 증가</span></button></div><button type="button" class="sprite__smilefresh--before element-info-cart" aria-describedby="itemCard_title_2522158605"><span class="for-a11y">장바구니 담기</span></button></div><a href="https://item.gmarket.co.kr/Item?goodscode=2522158605" class="link__itemcard-info"><span class="box__itemcard-title-area" id="itemCard_title_2522158605"><span class="text__brand"><span class="text">다우니</span></span><span class="text__title" id="item_title">다우니 퍼퓸 쥬얼 향기부스터 480G(에메랄드 브리즈)</span></span><span class="box__itemcard-price-area"><span class="box__price-seller"><span class="for-a11y">판매가</span><strong class="text__price-seller">17,100</strong><span class="text__unit">원</span></span></span><span class="box__itemcard-info-score"><span class="sprite__smilefresh--before box__score-awards"><span class="for-a11y">평점</span><span class="text text__score">4.8</span><span class="for-a11y">후기</span><span class="text text__num">(66)</span><span class="for-a11y">건</span></span><span class="box__score-buycnt"><span class="text text__buy">구매</span><span class="text text__num">361</span><span class="for-a11y">건</span></span></span><span class="box__itemcard-benefit-tag"><span class="box__tag box__tag-coupon"><span class="sprite__smilefresh--before box__inner">15% 쿠폰</span></span></span></a><button type="button" class="sprite__smilefresh--after button__favorite-item" aria-describedby="itemCard_title_2522158605" aria-pressed="false" aria-label="관심상품 등록하기"></button></div></div></div></div></li><li class="list-item"><div class="box__itemcard-container"><div class="box__itemcard-body"><div class="box__itemcard-inner"><span class="box__thumbnail__label">53</span><a class="link__itemcard" href="https://item.gmarket.co.kr/Item?goodscode=2625412779" tabindex="-1" aria-hidden="true"><span class="box__itemcard-img"><img class="image__itemcard no-js-400?ver=1725100756" src="data:image/gif;base64,R0lGODlhAQABAIAAAP///wAAACH5BAEAAAAALAAAAAABAAEAAAICRAEAOw==" alt="제로퀵 옷장용 5입(라벤다) - 상품 이미지"/><noscript><style>.no-js-400?ver=1725100756 { display: none !important; }</style><img class="image__itemcard" src="https://gdimg.gmarket.co.kr/2625412779/still/400?ver=1725100756" alt="제로퀵 옷장용 5입(라벤다) - 상품 이미지"/></noscript></span></a><div class="box__itemcard-info"><div class="box__element-info"><div class="element-info-qty"><button aria-describedby="itemCard_title_2625412779" class="sprite__smilefresh--before element-info-qty-minus" aria-disabled="true"><span class="for-a11y">상품 수 <!-- -->1<!-- --> 감소</span></button><span class="element-info-item-qty" aria-describedby="itemCard_title_2625412779"><span class="for-a11y">선택된 수량</span> <!-- -->1</span><button aria-describedby="itemCard_title_2625412779" class="sprite__smilefresh--before element-info-qty-plus"><span class="for-a11y">상품 수 <!-- -->1<!-- --> 증가</span></button></div><button type="button" class="sprite__smilefresh--before element-info-cart" aria-describedby="itemCard_title_2625412779"><span class="for-a11y">장바구니 담기</span></button></div><a href="https://item.gmarket.co.kr/Item?goodscode=2625412779" class="link__itemcard-info"><span class="box__itemcard-title-area" id="itemCard_title_2625412779"><span class="text__brand"><span class="text">크린스타</span></span><span class="text__title" id="item_title">제로퀵 옷장용 5입(라벤다)</span></span><span class="box__itemcard-price-area"><span class="box__price-seller"><span class="for-a11y">판매가</span><strong class="text__price-seller">5,500</strong><span class="text__unit">원</span></span></span><span class="box__itemcard-info-score"><span class="sprite__smilefresh--before box__score-awards"><span class="for-a11y">평점</span><span class="text text__score">4.7</span><span class="for-a11y">후기</span><span class="text text__num">(115)</span><span class="for-a11y">건</span></span><span class="box__score-buycnt"><span class="text text__buy">구매</span><span class="text text__num">531</span><span class="for-a11y">건</span></span></span><span class="box__itemcard-benefit-tag"><span class="box__tag box__tag-coupon"><span class="sprite__smilefresh--before box__inner">15% 쿠폰</span></span></span></a><button type="button" class="sprite__smilefresh--after button__favorite-item" aria-describedby="itemCard_title_2625412779" aria-pressed="false" aria-label="관심상품 등록하기"></button></div></div></div></div></li><li class="list-item"><div class="box__itemcard-container"><div class="box__itemcard-body"><div class="box__itemcard-inner"><span class="box__thumbnail__label">54</span><a class="link__itemcard" href="https://item.gmarket.co.kr/Item?goodscode=2518775012" tabindex="-1" aria-hidden="true"><span class="box__itemcard-img"><img class="image__itemcard no-js-400?ver=1725111932" src="data:image/gif;base64,R0lGODlhAQABAIAAAP///wAAACH5BAEAAAAALAAAAAABAAEAAAICRAEAOw==" alt="아우라 건조기시트 120매(매그놀리아) - 상품 이미지"/><noscript><style>.no-js-400?ver=1725111932 { display: none !important; }</style><img class="image__itemcard" src="https://gdimg.gmarket.co.kr/2518775012/still/400?ver=1725111932" alt="아우라 건조기시트 120매(매그놀리아) - 상품 이미지"/></noscript></span></a><div class="box__itemcard-info"><div class="box__element-info"><div class="element-info-qty"><button aria-describedby="itemCard_title_2518775012" class="sprite__smilefresh--before element-info-qty-minus" aria-disabled="true"><span class="for-a11y">상품 수 <!-- -->1<!-- --> 감소</span></button><span class="element-info-item-qty" aria-describedby="itemCard_title_2518775012"><span class="for-a11y">선택된 수량</span> <!-- -->1</span><button aria-describedby="itemCard_title_2518775012" class="sprite__smilefresh--before element-info-qty-plus"><span class="for-a11y">상품 수 <!-- -->1<!-- --> 증가</span></button></div><button type="button" class="sprite__smilefresh--before element-info-cart" aria-describedby="itemCard_title_2518775012"><span class="for-a11y">장바구니 담기</span></button></div><a href="https://item.gmarket.co.kr/Item?goodscode=2518775012" class="link__itemcard-info"><span class="box__itemcard-title-area" id="itemCard_title_2518775012"><span class="text__brand"><span class="text">샤프란</span></span><span class="text__title" id="item_title">아우라 건조기시트 120매(매그놀리아)</span></span><span class="box__itemcard-price-area"><span class="box__price-seller"><span class="for-a11y">판매가</span><strong class="text__price-seller">13,900</strong><span class="text__unit">원</span></span><span class="box__prime-cost"><span class="for-a11y">원가</span><strong class="text__dc-rate">30<!-- -->%</strong><span class="text__prime-cost">19,900<span class="text__unit">원</span></span></span></span><span class="box__itemcard-info-score"><span class="sprite__smilefresh--before box__score-awards"><span class="for-a11y">평점</span><span class="text text__score">4.8</span><span class="for-a11y">후기</span><span class="text text__num">(106)</span><span class="for-a11y">건</span></span><span class="box__score-buycnt"><span class="text text__buy">구매</span><span class="text text__num">550</span><span class="for-a11y">건</span></span></span><span class="box__itemcard-benefit-tag"><span class="box__tag box__tag-coupon"><span class="sprite__smilefresh--before box__inner">15% 쿠폰</span></span></span></a><button type="button" class="sprite__smilefresh--after button__favorite-item" aria-describedby="itemCard_title_2518775012" aria-pressed="false" aria-label="관심상품 등록하기"></button></div></div></div></div></li><li class="list-item"><div class="box__itemcard-container"><div class="box__itemcard-body"><div class="box__itemcard-inner"><span class="box__thumbnail__label">55</span><a class="link__itemcard" href="https://item.gmarket.co.kr/Item?goodscode=2979330527" tabindex="-1" aria-hidden="true"><span class="box__itemcard-img"><img class="image__itemcard no-js-400?ver=1725132987" src="data:image/gif;base64,R0lGODlhAQABAIAAAP///wAAACH5BAEAAAAALAAAAAABAAEAAAICRAEAOw==" alt="노브랜드 곰팡이젤 150g - 상품 이미지"/><noscript><style>.no-js-400?ver=1725132987 { display: none !important; }</style><img class="image__itemcard" src="https://gdimg.gmarket.co.kr/2979330527/still/400?ver=1725132987" alt="노브랜드 곰팡이젤 150g - 상품 이미지"/></noscript></span></a><div class="box__itemcard-info"><div class="box__element-info"><div class="element-info-qty"><button aria-describedby="itemCard_title_2979330527" class="sprite__smilefresh--before element-info-qty-minus" aria-disabled="true"><span class="for-a11y">상품 수 <!-- -->1<!-- --> 감소</span></button><span class="element-info-item-qty" aria-describedby="itemCard_title_2979330527"><span class="for-a11y">선택된 수량</span> <!-- -->1</span><button aria-describedby="itemCard_title_2979330527" class="sprite__smilefresh--before element-info-qty-plus"><span class="for-a11y">상품 수 <!-- -->1<!-- --> 증가</span></button></div><button type="button" class="sprite__smilefresh--before element-info-cart" aria-describedby="itemCard_title_2979330527"><span class="for-a11y">장바구니 담기</span></button></div><a href="https://item.gmarket.co.kr/Item?goodscode=2979330527" class="link__itemcard-info"><span class="box__itemcard-title-area" id="itemCard_title_2979330527"><span class="text__brand"><span class="text">노브랜드</span></span><span class="text__title" id="item_title">노브랜드 곰팡이젤 150g</span></span><span class="box__itemcard-price-area"><span class="box__price-seller"><span class="for-a11y">판매가</span><strong class="text__price-seller">1,980</strong><span class="text__unit">원</span></span></span><span class="box__itemcard-info-score"><span class="sprite__smilefresh--before box__score-awards"><span class="for-a11y">평점</span><span class="text text__score">4.8</span><span class="for-a11y">후기</span><span class="text text__num">(181)</span><span class="for-a11y">건</span></span><span class="box__score-buycnt"><span class="text text__buy">구매</span><span class="text text__num">498</span><span class="for-a11y">건</span></span></span><span class="box__itemcard-benefit-tag"><span class="box__tag box__tag-coupon"><span class="sprite__smilefresh--before box__inner">15% 쿠폰</span></span></span></a><button type="button" class="sprite__smilefresh--after button__favorite-item" aria-describedby="itemCard_title_2979330527" aria-pressed="false" aria-label="관심상품 등록하기"></button></div></div></div></div></li><li class="list-item"><div class="box__itemcard-container"><div class="box__itemcard-body"><div class="box__itemcard-inner"><span class="box__thumbnail__label">56</span><a class="link__itemcard" href="https://item.gmarket.co.kr/Item?goodscode=2518358296" tabindex="-1" aria-hidden="true"><span class="box__itemcard-img"><img class="image__itemcard no-js-400?ver=1725088236" src="data:image/gif;base64,R0lGODlhAQABAIAAAP///wAAACH5BAEAAAAALAAAAAABAAEAAAICRAEAOw==" alt="유한락스 레귤러 500ML - 상품 이미지"/><noscript><style>.no-js-400?ver=1725088236 { display: none !important; }</style><img class="image__itemcard" src="https://gdimg.gmarket.co.kr/2518358296/still/400?ver=1725088236" alt="유한락스 레귤러 500ML - 상품 이미지"/></noscript></span></a><div class="box__itemcard-info"><div class="box__element-info"><div class="element-info-qty"><button aria-describedby="itemCard_title_2518358296" class="sprite__smilefresh--before element-info-qty-minus" aria-disabled="true"><span class="for-a11y">상품 수 <!-- -->1<!-- --> 감소</span></button><span class="element-info-item-qty" aria-describedby="itemCard_title_2518358296"><span class="for-a11y">선택된 수량</span> <!-- -->1</span><button aria-describedby="itemCard_title_2518358296" class="sprite__smilefresh--before element-info-qty-plus"><span class="for-a11y">상품 수 <!-- -->1<!-- --> 증가</span></button></div><button type="button" class="sprite__smilefresh--before element-info-cart" aria-describedby="itemCard_title_2518358296"><span class="for-a11y">장바구니 담기</span></button></div><a href="https://item.gmarket.co.kr/Item?goodscode=2518358296" class="link__itemcard-info"><span class="box__itemcard-title-area" id="itemCard_title_2518358296"><span class="text__brand"><span class="text">유한락스</span></span><span class="text__title" id="item_title">유한락스 레귤러 500ML</span></span><span class="box__itemcard-price-area"><span class="box__price-seller"><span class="for-a11y">판매가</span><strong class="text__price-seller">1,620</strong><span class="text__unit">원</span></span></span><span class="box__itemcard-info-score"><span class="sprite__smilefresh--before box__score-awards"><span class="for-a11y">평점</span><span class="text text__score">4.8</span><span class="for-a11y">후기</span><span class="text text__num">(460)</span><span class="for-a11y">건</span></span><span class="box__score-buycnt"><span class="text text__buy">구매</span><span class="text text__num">1,681</span><span class="for-a11y">건</span></span></span><span class="box__itemcard-benefit-tag"><span class="box__tag box__tag-coupon"><span class="sprite__smilefresh--before box__inner">15% 쿠폰</span></span></span></a><button type="button" class="sprite__smilefresh--after button__favorite-item" aria-describedby="itemCard_title_2518358296" aria-pressed="false" aria-label="관심상품 등록하기"></button></div></div></div></div></li><li class="list-item"><div class="box__itemcard-container"><div class="box__itemcard-body"><div class="box__itemcard-inner"><span class="box__thumbnail__label">57</span><a class="link__itemcard" href="https://item.gmarket.co.kr/Item?goodscode=2518593019" tabindex="-1" aria-hidden="true"><span class="box__itemcard-img"><img class="image__itemcard no-js-400?ver=1725108730" src="data:image/gif;base64,R0lGODlhAQABAIAAAP///wAAACH5BAEAAAAALAAAAAABAAEAAAICRAEAOw==" alt="노브랜드 섬유유연제2.1L(화이트머스크) - 상품 이미지"/><noscript><style>.no-js-400?ver=1725108730 { display: none !important; }</style><img class="image__itemcard" src="https://gdimg.gmarket.co.kr/2518593019/still/400?ver=1725108730" alt="노브랜드 섬유유연제2.1L(화이트머스크) - 상품 이미지"/></noscript></span></a><div class="box__itemcard-info"><div class="box__element-info"><div class="element-info-qty"><button aria-describedby="itemCard_title_2518593019" class="sprite__smilefresh--before element-info-qty-minus" aria-disabled="true"><span class="for-a11y">상품 수 <!-- -->1<!-- --> 감소</span></button><span class="element-info-item-qty" aria-describedby="itemCard_title_2518593019"><span class="for-a11y">선택된 수량</span> <!-- -->1</span><button aria-describedby="itemCard_title_2518593019" class="sprite__smilefresh--before element-info-qty-plus"><span class="for-a11y">상품 수 <!-- -->1<!-- --> 증가</span></button></div><button type="button" class="sprite__smilefresh--before element-info-cart" aria-describedby="itemCard_title_2518593019"><span class="for-a11y">장바구니 담기</span></button></div><a href="https://item.gmarket.co.kr/Item?goodscode=2518593019" class="link__itemcard-info"><span class="box__itemcard-title-area" id="itemCard_title_2518593019"><span class="text__brand"><span class="text">노브랜드</span></span><span class="text__title" id="item_title">노브랜드 섬유유연제2.1L(화이트머스크)</span></span><span class="box__itemcard-price-area"><span class="box__price-seller"><span class="for-a11y">판매가</span><strong class="text__price-seller">2,980</strong><span class="text__unit">원</span></span><span class="box__prime-cost"><span class="for-a11y">원가</span><span class="text__unit-cost">(<!-- -->100mL당 142원<!-- -->)</span></span></span><span class="box__itemcard-info-score"><span class="sprite__smilefresh--before box__score-awards"><span class="for-a11y">평점</span><span class="text text__score">4.7</span><span class="for-a11y">후기</span><span class="text text__num">(628)</span><span class="for-a11y">건</span></span><span class="box__score-buycnt"><span class="text text__buy">구매</span><span class="text text__num">1,969</span><span class="for-a11y">건</span></span></span></a><button type="button" class="sprite__smilefresh--after button__favorite-item" aria-describedby="itemCard_title_2518593019" aria-pressed="false" aria-label="관심상품 등록하기"></button></div></div></div></div></li><li class="list-item"><div class="box__itemcard-container"><div class="box__itemcard-body"><div class="box__itemcard-inner"><span class="box__thumbnail__label">58</span><a class="link__itemcard" href="https://item.gmarket.co.kr/Item?goodscode=2971364969" tabindex="-1" aria-hidden="true"><span class="box__itemcard-img"><img class="image__itemcard no-js-400?ver=1725114820" src="data:image/gif;base64,R0lGODlhAQABAIAAAP///wAAACH5BAEAAAAALAAAAAABAAEAAAICRAEAOw==" alt="노브랜드배수관세척제2.25L - 상품 이미지"/><noscript><style>.no-js-400?ver=1725114820 { display: none !important; }</style><img class="image__itemcard" src="https://gdimg.gmarket.co.kr/2971364969/still/400?ver=1725114820" alt="노브랜드배수관세척제2.25L - 상품 이미지"/></noscript></span></a><div class="box__itemcard-info"><div class="box__element-info"><div class="element-info-qty"><button aria-describedby="itemCard_title_2971364969" class="sprite__smilefresh--before element-info-qty-minus" aria-disabled="true"><span class="for-a11y">상품 수 <!-- -->1<!-- --> 감소</span></button><span class="element-info-item-qty" aria-describedby="itemCard_title_2971364969"><span class="for-a11y">선택된 수량</span> <!-- -->1</span><button aria-describedby="itemCard_title_2971364969" class="sprite__smilefresh--before element-info-qty-plus"><span class="for-a11y">상품 수 <!-- -->1<!-- --> 증가</span></button></div><button type="button" class="sprite__smilefresh--before element-info-cart" aria-describedby="itemCard_title_2971364969"><span class="for-a11y">장바구니 담기</span></button></div><a href="https://item.gmarket.co.kr/Item?goodscode=2971364969" class="link__itemcard-info"><span class="box__itemcard-title-area" id="itemCard_title_2971364969"><span class="text__brand"><span class="text">노브랜드</span></span><span class="text__title" id="item_title">노브랜드배수관세척제2.25L</span></span><span class="box__itemcard-price-area"><span class="box__price-seller"><span class="for-a11y">판매가</span><strong class="text__price-seller">2,380</strong><span class="text__unit">원</span></span></span><span class="box__itemcard-info-score"><span class="sprite__smilefresh--before box__score-awards"><span class="for-a11y">평점</span><span class="text text__score">4.7</span><span class="for-a11y">후기</span><span class="text text__num">(1,171)</span><span class="for-a11y">건</span></span><span class="box__score-buycnt"><span class="text text__buy">구매</span><span class="text text__num">2,642</span><span class="for-a11y">건</span></span></span></a><button type="button" class="sprite__smilefresh--after button__favorite-item" aria-describedby="itemCard_title_2971364969" aria-pressed="false" aria-label="관심상품 등록하기"></button></div></div></div></div></li><li class="list-item"><div class="box__itemcard-container"><div class="box__itemcard-body"><div class="box__itemcard-inner"><span class="box__thumbnail__label">59</span><a class="link__itemcard" href="https://item.gmarket.co.kr/Item?goodscode=3903115848" tabindex="-1" aria-hidden="true"><span class="box__itemcard-img"><img class="image__itemcard no-js-400?ver=1718624927" src="data:image/gif;base64,R0lGODlhAQABAIAAAP///wAAACH5BAEAAAAALAAAAAABAAEAAAICRAEAOw==" alt="노브랜드 더 경제적인 주방 세제 4L - 상품 이미지"/><noscript><style>.no-js-400?ver=1718624927 { display: none !important; }</style><img class="image__itemcard" src="https://gdimg.gmarket.co.kr/3903115848/still/400?ver=1718624927" alt="노브랜드 더 경제적인 주방 세제 4L - 상품 이미지"/></noscript></span></a><div class="box__itemcard-info"><div class="box__element-info"><div class="element-info-qty"><button aria-describedby="itemCard_title_3903115848" class="sprite__smilefresh--before element-info-qty-minus" aria-disabled="true"><span class="for-a11y">상품 수 <!-- -->1<!-- --> 감소</span></button><span class="element-info-item-qty" aria-describedby="itemCard_title_3903115848"><span class="for-a11y">선택된 수량</span> <!-- -->1</span><button aria-describedby="itemCard_title_3903115848" class="sprite__smilefresh--before element-info-qty-plus"><span class="for-a11y">상품 수 <!-- -->1<!-- --> 증가</span></button></div><button type="button" class="sprite__smilefresh--before element-info-cart" aria-describedby="itemCard_title_3903115848"><span class="for-a11y">장바구니 담기</span></button></div><a href="https://item.gmarket.co.kr/Item?goodscode=3903115848" class="link__itemcard-info"><span class="box__itemcard-title-area" id="itemCard_title_3903115848"><span class="text__brand"><span class="text">노브랜드</span></span><span class="text__title" id="item_title">노브랜드 더 경제적인 주방 세제 4L</span></span><span class="box__itemcard-price-area"><span class="box__price-seller"><span class="for-a11y">판매가</span><strong class="text__price-seller">4,980</strong><span class="text__unit">원</span></span><span class="box__prime-cost"><span class="for-a11y">원가</span><span class="text__unit-cost">(<!-- -->100mL당 125원<!-- -->)</span></span></span><span class="box__itemcard-info-score"><span class="sprite__smilefresh--before box__score-awards"><span class="for-a11y">평점</span><span class="text text__score">4.9</span><span class="for-a11y">후기</span><span class="text text__num">(53)</span><span class="for-a11y">건</span></span><span class="box__score-buycnt"><span class="text text__buy">구매</span><span class="text text__num">187</span><span class="for-a11y">건</span></span></span><span class="box__itemcard-benefit-tag"><span class="box__tag box__tag-coupon"><span class="sprite__smilefresh--before box__inner">15% 쿠폰</span></span></span></a><button type="button" class="sprite__smilefresh--after button__favorite-item" aria-describedby="itemCard_title_3903115848" aria-pressed="false" aria-label="관심상품 등록하기"></button></div></div></div></div></li><li class="list-item"><div class="box__itemcard-container"><div class="box__itemcard-body"><div class="box__itemcard-inner"><span class="box__thumbnail__label">60</span><a class="link__itemcard" href="https://item.gmarket.co.kr/Item?goodscode=2518843752" tabindex="-1" aria-hidden="true"><span class="box__itemcard-img"><img class="image__itemcard no-js-400?ver=1725113195" src="data:image/gif;base64,R0lGODlhAQABAIAAAP///wAAACH5BAEAAAAALAAAAAABAAEAAAICRAEAOw==" alt="피죤 고농축 퍼퓸 2L(라피에스타) - 상품 이미지"/><noscript><style>.no-js-400?ver=1725113195 { display: none !important; }</style><img class="image__itemcard" src="https://gdimg.gmarket.co.kr/2518843752/still/400?ver=1725113195" alt="피죤 고농축 퍼퓸 2L(라피에스타) - 상품 이미지"/></noscript></span></a><div class="box__itemcard-info"><div class="box__element-info"><div class="element-info-qty"><button aria-describedby="itemCard_title_2518843752" class="sprite__smilefresh--before element-info-qty-minus" aria-disabled="true"><span class="for-a11y">상품 수 <!-- -->1<!-- --> 감소</span></button><span class="element-info-item-qty" aria-describedby="itemCard_title_2518843752"><span class="for-a11y">선택된 수량</span> <!-- -->1</span><button aria-describedby="itemCard_title_2518843752" class="sprite__smilefresh--before element-info-qty-plus"><span class="for-a11y">상품 수 <!-- -->1<!-- --> 증가</span></button></div><button type="button" class="sprite__smilefresh--before element-info-cart" aria-describedby="itemCard_title_2518843752"><span class="for-a11y">장바구니 담기</span></button></div><a href="https://item.gmarket.co.kr/Item?goodscode=2518843752" class="link__itemcard-info"><span class="box__itemcard-title-area" id="itemCard_title_2518843752"><span class="text__brand"><span class="text">피죤</span></span><span class="text__title" id="item_title">피죤 고농축 퍼퓸 2L(라피에스타)</span></span><span class="box__itemcard-price-area"><span class="box__price-seller"><span class="for-a11y">판매가</span><strong class="text__price-seller">11,900</strong><span class="text__unit">원</span></span><span class="box__prime-cost"><span class="for-a11y">원가</span><span class="text__unit-cost">(<!-- -->100mL당 595원<!-- -->)</span></span></span><span class="box__itemcard-info-score"><span class="sprite__smilefresh--before box__score-awards"><span class="for-a11y">평점</span><span class="text text__score">4.8</span><span class="for-a11y">후기</span><span class="text text__num">(116)</span><span class="for-a11y">건</span></span><span class="box__score-buycnt"><span class="text text__buy">구매</span><span class="text text__num">529</span><span class="for-a11y">건</span></span></span><span class="box__itemcard-benefit-tag"><span class="box__tag box__tag-coupon"><span class="sprite__smilefresh--before box__inner">15% 쿠폰</span></span></span></a><button type="button" class="sprite__smilefresh--after button__favorite-item" aria-describedby="itemCard_title_2518843752" aria-pressed="false" aria-label="관심상품 등록하기"></button></div></div></div></div></li><li class="list-item"><div class="box__itemcard-container"><div class="box__itemcard-body"><div class="box__itemcard-inner"><span class="box__thumbnail__label">61</span><a class="link__itemcard" href="https://item.gmarket.co.kr/Item?goodscode=2518977757" tabindex="-1" aria-hidden="true"><span class="box__itemcard-img"><img class="image__itemcard no-js-400?ver=1725116027" src="data:image/gif;base64,R0lGODlhAQABAIAAAP///wAAACH5BAEAAAAALAAAAAABAAEAAAICRAEAOw==" alt="비트 찬물전용 분말세제 6KG - 상품 이미지"/><noscript><style>.no-js-400?ver=1725116027 { display: none !important; }</style><img class="image__itemcard" src="https://gdimg.gmarket.co.kr/2518977757/still/400?ver=1725116027" alt="비트 찬물전용 분말세제 6KG - 상품 이미지"/></noscript></span></a><div class="box__itemcard-info"><div class="box__element-info"><div class="element-info-qty"><button aria-describedby="itemCard_title_2518977757" class="sprite__smilefresh--before element-info-qty-minus" aria-disabled="true"><span class="for-a11y">상품 수 <!-- -->1<!-- --> 감소</span></button><span class="element-info-item-qty" aria-describedby="itemCard_title_2518977757"><span class="for-a11y">선택된 수량</span> <!-- -->1</span><button aria-describedby="itemCard_title_2518977757" class="sprite__smilefresh--before element-info-qty-plus"><span class="for-a11y">상품 수 <!-- -->1<!-- --> 증가</span></button></div><button type="button" class="sprite__smilefresh--before element-info-cart" aria-describedby="itemCard_title_2518977757"><span class="for-a11y">장바구니 담기</span></button></div><a href="https://item.gmarket.co.kr/Item?goodscode=2518977757" class="link__itemcard-info"><span class="box__itemcard-title-area" id="itemCard_title_2518977757"><span class="text__brand"><span class="text">비트</span></span><span class="text__title" id="item_title">비트 찬물전용 분말세제 6KG</span></span><span class="box__itemcard-price-area"><span class="box__price-seller"><span class="for-a11y">판매가</span><strong class="text__price-seller">16,900</strong><span class="text__unit">원</span></span></span><span class="box__itemcard-info-score"><span class="sprite__smilefresh--before box__score-awards"><span class="for-a11y">평점</span><span class="text text__score">4.8</span><span class="for-a11y">후기</span><span class="text text__num">(185)</span><span class="for-a11y">건</span></span><span class="box__score-buycnt"><span class="text text__buy">구매</span><span class="text text__num">717</span><span class="for-a11y">건</span></span></span><span class="box__itemcard-benefit-tag"><span class="box__tag box__tag-coupon"><span class="sprite__smilefresh--before box__inner">15% 쿠폰</span></span></span></a><button type="button" class="sprite__smilefresh--after button__favorite-item" aria-describedby="itemCard_title_2518977757" aria-pressed="false" aria-label="관심상품 등록하기"></button></div></div></div></div></li><li class="list-item"><div class="box__itemcard-container"><div class="box__itemcard-body"><div class="box__itemcard-inner"><span class="box__thumbnail__label">62</span><a class="link__itemcard" href="https://item.gmarket.co.kr/Item?goodscode=2522812698" tabindex="-1" aria-hidden="true"><span class="box__itemcard-img"><img class="image__itemcard no-js-400?ver=1725105810" src="data:image/gif;base64,R0lGODlhAQABAIAAAP///wAAACH5BAEAAAAALAAAAAABAAEAAAICRAEAOw==" alt="홈스타 욕실 하수구 클리너(1회분) - 상품 이미지"/><noscript><style>.no-js-400?ver=1725105810 { display: none !important; }</style><img class="image__itemcard" src="https://gdimg.gmarket.co.kr/2522812698/still/400?ver=1725105810" alt="홈스타 욕실 하수구 클리너(1회분) - 상품 이미지"/></noscript></span></a><div class="box__itemcard-info"><div class="box__element-info"><div class="element-info-qty"><button aria-describedby="itemCard_title_2522812698" class="sprite__smilefresh--before element-info-qty-minus" aria-disabled="true"><span class="for-a11y">상품 수 <!-- -->1<!-- --> 감소</span></button><span class="element-info-item-qty" aria-describedby="itemCard_title_2522812698"><span class="for-a11y">선택된 수량</span> <!-- -->1</span><button aria-describedby="itemCard_title_2522812698" class="sprite__smilefresh--before element-info-qty-plus"><span class="for-a11y">상품 수 <!-- -->1<!-- --> 증가</span></button></div><button type="button" class="sprite__smilefresh--before element-info-cart" aria-describedby="itemCard_title_2522812698"><span class="for-a11y">장바구니 담기</span></button></div><a href="https://item.gmarket.co.kr/Item?goodscode=2522812698" class="link__itemcard-info"><span class="box__itemcard-title-area" id="itemCard_title_2522812698"><span class="text__title" id="item_title">홈스타 욕실 하수구 클리너(1회분)</span></span><span class="box__itemcard-price-area"><span class="box__price-seller"><span class="for-a11y">판매가</span><strong class="text__price-seller">9,800</strong><span class="text__unit">원</span></span></span><span class="box__itemcard-info-score"><span class="sprite__smilefresh--before box__score-awards"><span class="for-a11y">평점</span><span class="text text__score">4.8</span><span class="for-a11y">후기</span><span class="text text__num">(149)</span><span class="for-a11y">건</span></span><span class="box__score-buycnt"><span class="text text__buy">구매</span><span class="text text__num">1,124</span><span class="for-a11y">건</span></span></span><span class="box__itemcard-benefit-tag"><span class="box__tag box__tag-coupon"><span class="sprite__smilefresh--before box__inner">15% 쿠폰</span></span></span></a><button type="button" class="sprite__smilefresh--after button__favorite-item" aria-describedby="itemCard_title_2522812698" aria-pressed="false" aria-label="관심상품 등록하기"></button></div></div></div></div></li><li class="list-item"><div class="box__itemcard-container"><div class="box__itemcard-body"><div class="box__itemcard-inner"><span class="box__thumbnail__label">63</span><a class="link__itemcard" href="https://item.gmarket.co.kr/Item?goodscode=2523114726" tabindex="-1" aria-hidden="true"><span class="box__itemcard-img"><img class="image__itemcard no-js-400?ver=1725100327" src="data:image/gif;base64,R0lGODlhAQABAIAAAP///wAAACH5BAEAAAAALAAAAAABAAEAAAICRAEAOw==" alt="피죤 고농축 퍼퓸2L(플라워페스티벌) - 상품 이미지"/><noscript><style>.no-js-400?ver=1725100327 { display: none !important; }</style><img class="image__itemcard" src="https://gdimg.gmarket.co.kr/2523114726/still/400?ver=1725100327" alt="피죤 고농축 퍼퓸2L(플라워페스티벌) - 상품 이미지"/></noscript></span></a><div class="box__itemcard-info"><div class="box__element-info"><div class="element-info-qty"><button aria-describedby="itemCard_title_2523114726" class="sprite__smilefresh--before element-info-qty-minus" aria-disabled="true"><span class="for-a11y">상품 수 <!-- -->1<!-- --> 감소</span></button><span class="element-info-item-qty" aria-describedby="itemCard_title_2523114726"><span class="for-a11y">선택된 수량</span> <!-- -->1</span><button aria-describedby="itemCard_title_2523114726" class="sprite__smilefresh--before element-info-qty-plus"><span class="for-a11y">상품 수 <!-- -->1<!-- --> 증가</span></button></div><button type="button" class="sprite__smilefresh--before element-info-cart" aria-describedby="itemCard_title_2523114726"><span class="for-a11y">장바구니 담기</span></button></div><a href="https://item.gmarket.co.kr/Item?goodscode=2523114726" class="link__itemcard-info"><span class="box__itemcard-title-area" id="itemCard_title_2523114726"><span class="text__brand"><span class="text">피죤</span></span><span class="text__title" id="item_title">피죤 고농축 퍼퓸2L(플라워페스티벌)</span></span><span class="box__itemcard-price-area"><span class="box__price-seller"><span class="for-a11y">판매가</span><strong class="text__price-seller">11,900</strong><span class="text__unit">원</span></span><span class="box__prime-cost"><span class="for-a11y">원가</span><span class="text__unit-cost">(<!-- -->100mL당 595원<!-- -->)</span></span></span><span class="box__itemcard-info-score"><span class="sprite__smilefresh--before box__score-awards"><span class="for-a11y">평점</span><span class="text text__score">4.8</span><span class="for-a11y">후기</span><span class="text text__num">(60)</span><span class="for-a11y">건</span></span><span class="box__score-buycnt"><span class="text text__buy">구매</span><span class="text text__num">308</span><span class="for-a11y">건</span></span></span><span class="box__itemcard-benefit-tag"><span class="box__tag box__tag-coupon"><span class="sprite__smilefresh--before box__inner">15% 쿠폰</span></span></span></a><button type="button" class="sprite__smilefresh--after button__favorite-item" aria-describedby="itemCard_title_2523114726" aria-pressed="false" aria-label="관심상품 등록하기"></button></div></div></div></div></li><li class="list-item"><div class="box__itemcard-container"><div class="box__itemcard-body"><div class="box__itemcard-inner"><span class="box__thumbnail__label">64</span><a class="link__itemcard" href="https://item.gmarket.co.kr/Item?goodscode=2523127778" tabindex="-1" aria-hidden="true"><span class="box__itemcard-img"><img class="image__itemcard no-js-400?ver=1725119363" src="data:image/gif;base64,R0lGODlhAQABAIAAAP///wAAACH5BAEAAAAALAAAAAABAAEAAAICRAEAOw==" alt="엄마의 선택 베이킹소다 2KG - 상품 이미지"/><noscript><style>.no-js-400?ver=1725119363 { display: none !important; }</style><img class="image__itemcard" src="https://gdimg.gmarket.co.kr/2523127778/still/400?ver=1725119363" alt="엄마의 선택 베이킹소다 2KG - 상품 이미지"/></noscript></span></a><div class="box__itemcard-info"><div class="box__element-info"><div class="element-info-qty"><button aria-describedby="itemCard_title_2523127778" class="sprite__smilefresh--before element-info-qty-minus" aria-disabled="true"><span class="for-a11y">상품 수 <!-- -->1<!-- --> 감소</span></button><span class="element-info-item-qty" aria-describedby="itemCard_title_2523127778"><span class="for-a11y">선택된 수량</span> <!-- -->1</span><button aria-describedby="itemCard_title_2523127778" class="sprite__smilefresh--before element-info-qty-plus"><span class="for-a11y">상품 수 <!-- -->1<!-- --> 증가</span></button></div><button type="button" class="sprite__smilefresh--before element-info-cart" aria-describedby="itemCard_title_2523127778"><span class="for-a11y">장바구니 담기</span></button></div><a href="https://item.gmarket.co.kr/Item?goodscode=2523127778" class="link__itemcard-info"><span class="box__itemcard-title-area" id="itemCard_title_2523127778"><span class="text__brand"><span class="text">애경</span></span><span class="text__title" id="item_title">엄마의 선택 베이킹소다 2KG</span></span><span class="box__itemcard-price-area"><span class="box__price-seller"><span class="for-a11y">판매가</span><strong class="text__price-seller">5,500</strong><span class="text__unit">원</span></span></span><span class="box__itemcard-info-score"><span class="sprite__smilefresh--before box__score-awards"><span class="for-a11y">평점</span><span class="text text__score">4.8</span><span class="for-a11y">후기</span><span class="text text__num">(149)</span><span class="for-a11y">건</span></span><span class="box__score-buycnt"><span class="text text__buy">구매</span><span class="text text__num">382</span><span class="for-a11y">건</span></span></span><span class="box__itemcard-benefit-tag"><span class="box__tag box__tag-coupon"><span class="sprite__smilefresh--before box__inner">15% 쿠폰</span></span></span></a><button type="button" class="sprite__smilefresh--after button__favorite-item" aria-describedby="itemCard_title_2523127778" aria-pressed="false" aria-label="관심상품 등록하기"></button></div></div></div></div></li><li class="list-item"><div class="box__itemcard-container"><div class="box__itemcard-body"><div class="box__itemcard-inner"><span class="box__thumbnail__label">65</span><a class="link__itemcard" href="https://item.gmarket.co.kr/Item?goodscode=2523329913" tabindex="-1" aria-hidden="true"><span class="box__itemcard-img"><img class="image__itemcard no-js-400?ver=1725099945" src="data:image/gif;base64,R0lGODlhAQABAIAAAP///wAAACH5BAEAAAAALAAAAAABAAEAAAICRAEAOw==" alt="홈스타 변기세정제40G X 4P - 상품 이미지"/><noscript><style>.no-js-400?ver=1725099945 { display: none !important; }</style><img class="image__itemcard" src="https://gdimg.gmarket.co.kr/2523329913/still/400?ver=1725099945" alt="홈스타 변기세정제40G X 4P - 상품 이미지"/></noscript></span></a><div class="box__itemcard-info"><div class="box__element-info"><div class="element-info-qty"><button aria-describedby="itemCard_title_2523329913" class="sprite__smilefresh--before element-info-qty-minus" aria-disabled="true"><span class="for-a11y">상품 수 <!-- -->1<!-- --> 감소</span></button><span class="element-info-item-qty" aria-describedby="itemCard_title_2523329913"><span class="for-a11y">선택된 수량</span> <!-- -->1</span><button aria-describedby="itemCard_title_2523329913" class="sprite__smilefresh--before element-info-qty-plus"><span class="for-a11y">상품 수 <!-- -->1<!-- --> 증가</span></button></div><button type="button" class="sprite__smilefresh--before element-info-cart" aria-describedby="itemCard_title_2523329913"><span class="for-a11y">장바구니 담기</span></button></div><a href="https://item.gmarket.co.kr/Item?goodscode=2523329913" class="link__itemcard-info"><span class="box__itemcard-title-area" id="itemCard_title_2523329913"><span class="text__brand"><span class="text">홈스타</span></span><span class="text__title" id="item_title">홈스타 변기세정제40G X 4P</span></span><span class="box__itemcard-price-area"><span class="box__price-seller"><span class="for-a11y">판매가</span><strong class="text__price-seller">3,500</strong><span class="text__unit">원</span></span></span><span class="box__itemcard-info-score"><span class="sprite__smilefresh--before box__score-awards"><span class="for-a11y">평점</span><span class="text text__score">4.8</span><span class="for-a11y">후기</span><span class="text text__num">(416)</span><span class="for-a11y">건</span></span><span class="box__score-buycnt"><span class="text text__buy">구매</span><span class="text text__num">3,249</span><span class="for-a11y">건</span></span></span><span class="box__itemcard-benefit-tag"><span class="box__tag box__tag-coupon"><span class="sprite__smilefresh--before box__inner">15% 쿠폰</span></span></span></a><button type="button" class="sprite__smilefresh--after button__favorite-item" aria-describedby="itemCard_title_2523329913" aria-pressed="false" aria-label="관심상품 등록하기"></button></div></div></div></div></li><li class="list-item"><div class="box__itemcard-container"><div class="box__itemcard-body"><div class="box__itemcard-inner"><span class="box__thumbnail__label">66</span><a class="link__itemcard" href="https://item.gmarket.co.kr/Item?goodscode=2523460673" tabindex="-1" aria-hidden="true"><span class="box__itemcard-img"><img class="image__itemcard no-js-400?ver=1725100949" src="data:image/gif;base64,R0lGODlhAQABAIAAAP///wAAACH5BAEAAAAALAAAAAABAAEAAAICRAEAOw==" alt="홈스타 세면대 배수관 클리너 - 상품 이미지"/><noscript><style>.no-js-400?ver=1725100949 { display: none !important; }</style><img class="image__itemcard" src="https://gdimg.gmarket.co.kr/2523460673/still/400?ver=1725100949" alt="홈스타 세면대 배수관 클리너 - 상품 이미지"/></noscript></span></a><div class="box__itemcard-info"><div class="box__element-info"><div class="element-info-qty"><button aria-describedby="itemCard_title_2523460673" class="sprite__smilefresh--before element-info-qty-minus" aria-disabled="true"><span class="for-a11y">상품 수 <!-- -->1<!-- --> 감소</span></button><span class="element-info-item-qty" aria-describedby="itemCard_title_2523460673"><span class="for-a11y">선택된 수량</span> <!-- -->1</span><button aria-describedby="itemCard_title_2523460673" class="sprite__smilefresh--before element-info-qty-plus"><span class="for-a11y">상품 수 <!-- -->1<!-- --> 증가</span></button></div><button type="button" class="sprite__smilefresh--before element-info-cart" aria-describedby="itemCard_title_2523460673"><span class="for-a11y">장바구니 담기</span></button></div><a href="https://item.gmarket.co.kr/Item?goodscode=2523460673" class="link__itemcard-info"><span class="box__itemcard-title-area" id="itemCard_title_2523460673"><span class="text__brand"><span class="text">홈스타</span></span><span class="text__title" id="item_title">홈스타 세면대 배수관 클리너</span></span><span class="box__itemcard-price-area"><span class="box__price-seller"><span class="for-a11y">판매가</span><strong class="text__price-seller">9,800</strong><span class="text__unit">원</span></span></span><span class="box__itemcard-info-score"><span class="sprite__smilefresh--before box__score-awards"><span class="for-a11y">평점</span><span class="text text__score">4.8</span><span class="for-a11y">후기</span><span class="text text__num">(270)</span><span class="for-a11y">건</span></span><span class="box__score-buycnt"><span class="text text__buy">구매</span><span class="text text__num">1,705</span><span class="for-a11y">건</span></span></span><span class="box__itemcard-benefit-tag"><span class="box__tag box__tag-coupon"><span class="sprite__smilefresh--before box__inner">15% 쿠폰</span></span></span></a><button type="button" class="sprite__smilefresh--after button__favorite-item" aria-describedby="itemCard_title_2523460673" aria-pressed="false" aria-label="관심상품 등록하기"></button></div></div></div></div></li><li class="list-item"><div class="box__itemcard-container"><div class="box__itemcard-body"><div class="box__itemcard-inner"><span class="box__thumbnail__label">67</span><a class="link__itemcard" href="https://item.gmarket.co.kr/Item?goodscode=2523606922" tabindex="-1" aria-hidden="true"><span class="box__itemcard-img"><img class="image__itemcard no-js-400?ver=1725102833" src="data:image/gif;base64,R0lGODlhAQABAIAAAP///wAAACH5BAEAAAAALAAAAAABAAEAAAICRAEAOw==" alt="테크 산소크린 표백제2.4L - 상품 이미지"/><noscript><style>.no-js-400?ver=1725102833 { display: none !important; }</style><img class="image__itemcard" src="https://gdimg.gmarket.co.kr/2523606922/still/400?ver=1725102833" alt="테크 산소크린 표백제2.4L - 상품 이미지"/></noscript></span></a><div class="box__itemcard-info"><div class="box__element-info"><div class="element-info-qty"><button aria-describedby="itemCard_title_2523606922" class="sprite__smilefresh--before element-info-qty-minus" aria-disabled="true"><span class="for-a11y">상품 수 <!-- -->1<!-- --> 감소</span></button><span class="element-info-item-qty" aria-describedby="itemCard_title_2523606922"><span class="for-a11y">선택된 수량</span> <!-- -->1</span><button aria-describedby="itemCard_title_2523606922" class="sprite__smilefresh--before element-info-qty-plus"><span class="for-a11y">상품 수 <!-- -->1<!-- --> 증가</span></button></div><button type="button" class="sprite__smilefresh--before element-info-cart" aria-describedby="itemCard_title_2523606922"><span class="for-a11y">장바구니 담기</span></button></div><a href="https://item.gmarket.co.kr/Item?goodscode=2523606922" class="link__itemcard-info"><span class="box__itemcard-title-area" id="itemCard_title_2523606922"><span class="text__brand"><span class="text">테크</span></span><span class="text__title" id="item_title">테크 산소크린 표백제2.4L</span></span><span class="box__itemcard-price-area"><span class="box__price-seller"><span class="for-a11y">판매가</span><strong class="text__price-seller">15,900</strong><span class="text__unit">원</span></span></span><span class="box__itemcard-info-score"><span class="sprite__smilefresh--before box__score-awards"><span class="for-a11y">평점</span><span class="text text__score">5.0</span><span class="for-a11y">후기</span><span class="text text__num">(12)</span><span class="for-a11y">건</span></span><span class="box__score-buycnt"><span class="text text__buy">구매</span><span class="text text__num">81</span><span class="for-a11y">건</span></span></span><span class="box__itemcard-benefit-tag"><span class="box__tag box__tag-coupon"><span class="sprite__smilefresh--before box__inner">15% 쿠폰</span></span></span></a><button type="button" class="sprite__smilefresh--after button__favorite-item" aria-describedby="itemCard_title_2523606922" aria-pressed="false" aria-label="관심상품 등록하기"></button></div></div></div></div></li><li class="list-item"><div class="box__itemcard-container"><div class="box__itemcard-body"><div class="box__itemcard-inner"><span class="box__thumbnail__label">68</span><a class="link__itemcard" href="https://item.gmarket.co.kr/Item?goodscode=2572643353" tabindex="-1" aria-hidden="true"><span class="box__itemcard-img"><img class="image__itemcard no-js-400?ver=1725124166" src="data:image/gif;base64,R0lGODlhAQABAIAAAP///wAAACH5BAEAAAAALAAAAAABAAEAAAICRAEAOw==" alt="홈스타 락스와세제 폼형 900ML2(후레쉬) - 상품 이미지"/><noscript><style>.no-js-400?ver=1725124166 { display: none !important; }</style><img class="image__itemcard" src="https://gdimg.gmarket.co.kr/2572643353/still/400?ver=1725124166" alt="홈스타 락스와세제 폼형 900ML2(후레쉬) - 상품 이미지"/></noscript></span></a><div class="box__itemcard-info"><div class="box__element-info"><div class="element-info-qty"><button aria-describedby="itemCard_title_2572643353" class="sprite__smilefresh--before element-info-qty-minus" aria-disabled="true"><span class="for-a11y">상품 수 <!-- -->1<!-- --> 감소</span></button><span class="element-info-item-qty" aria-describedby="itemCard_title_2572643353"><span class="for-a11y">선택된 수량</span> <!-- -->1</span><button aria-describedby="itemCard_title_2572643353" class="sprite__smilefresh--before element-info-qty-plus"><span class="for-a11y">상품 수 <!-- -->1<!-- --> 증가</span></button></div><button type="button" class="sprite__smilefresh--before element-info-cart" aria-describedby="itemCard_title_2572643353"><span class="for-a11y">장바구니 담기</span></button></div><a href="https://item.gmarket.co.kr/Item?goodscode=2572643353" class="link__itemcard-info"><span class="box__itemcard-title-area" id="itemCard_title_2572643353"><span class="text__brand"><span class="text">홈스타</span></span><span class="text__title" id="item_title">홈스타 락스와세제 폼형 900ML2(후레쉬)</span></span><span class="box__itemcard-price-area"><span class="box__price-seller"><span class="for-a11y">판매가</span><strong class="text__price-seller">7,900</strong><span class="text__unit">원</span></span><span class="box__prime-cost"><span class="for-a11y">원가</span><strong class="text__dc-rate">20<!-- -->%</strong><span class="text__prime-cost">9,900<span class="text__unit">원</span></span><span class="text__unit-cost">(<!-- -->100mL당 439원<!-- -->)</span></span></span><span class="box__itemcard-info-score"><span class="sprite__smilefresh--before box__score-awards"><span class="for-a11y">평점</span><span class="text text__score">4.8</span><span class="for-a11y">후기</span><span class="text text__num">(126)</span><span class="for-a11y">건</span></span><span class="box__score-buycnt"><span class="text text__buy">구매</span><span class="text text__num">419</span><span class="for-a11y">건</span></span></span><span class="box__itemcard-benefit-tag"><span class="box__tag box__tag-coupon"><span class="sprite__smilefresh--before box__inner">15% 쿠폰</span></span></span></a><button type="button" class="sprite__smilefresh--after button__favorite-item" aria-describedby="itemCard_title_2572643353" aria-pressed="false" aria-label="관심상품 등록하기"></button></div></div></div></div></li><li class="list-item"><div class="box__itemcard-container"><div class="box__itemcard-body"><div class="box__itemcard-inner"><span class="box__thumbnail__label">69</span><a class="link__itemcard" href="https://item.gmarket.co.kr/Item?goodscode=3644358601" tabindex="-1" aria-hidden="true"><span class="box__itemcard-img"><img class="image__itemcard no-js-400?ver=1725138753" src="data:image/gif;base64,R0lGODlhAQABAIAAAP///wAAACH5BAEAAAAALAAAAAABAAEAAAICRAEAOw==" alt="프로쉬 식기세척기 세제 30입(그린레몬) - 상품 이미지"/><noscript><style>.no-js-400?ver=1725138753 { display: none !important; }</style><img class="image__itemcard" src="https://gdimg.gmarket.co.kr/3644358601/still/400?ver=1725138753" alt="프로쉬 식기세척기 세제 30입(그린레몬) - 상품 이미지"/></noscript></span></a><div class="box__itemcard-info"><div class="box__element-info"><div class="element-info-qty"><button aria-describedby="itemCard_title_3644358601" class="sprite__smilefresh--before element-info-qty-minus" aria-disabled="true"><span class="for-a11y">상품 수 <!-- -->1<!-- --> 감소</span></button><span class="element-info-item-qty" aria-describedby="itemCard_title_3644358601"><span class="for-a11y">선택된 수량</span> <!-- -->1</span><button aria-describedby="itemCard_title_3644358601" class="sprite__smilefresh--before element-info-qty-plus"><span class="for-a11y">상품 수 <!-- -->1<!-- --> 증가</span></button></div><button type="button" class="sprite__smilefresh--before element-info-cart" aria-describedby="itemCard_title_3644358601"><span class="for-a11y">장바구니 담기</span></button></div><a href="https://item.gmarket.co.kr/Item?goodscode=3644358601" class="link__itemcard-info"><span class="box__itemcard-title-area" id="itemCard_title_3644358601"><span class="text__brand"><span class="text">프로쉬</span></span><span class="text__title" id="item_title">프로쉬 식기세척기 세제 30입(그린레몬)</span></span><span class="box__itemcard-price-area"><span class="box__price-seller"><span class="for-a11y">판매가</span><strong class="text__price-seller">12,900</strong><span class="text__unit">원</span></span><span class="box__prime-cost"><span class="for-a11y">원가</span><strong class="text__dc-rate">13<!-- -->%</strong><span class="text__prime-cost">14,900<span class="text__unit">원</span></span></span></span><span class="box__itemcard-info-score"><span class="sprite__smilefresh--before box__score-awards"><span class="for-a11y">평점</span><span class="text text__score">5.0</span><span class="for-a11y">후기</span><span class="text text__num">(18)</span><span class="for-a11y">건</span></span><span class="box__score-buycnt"><span class="text text__buy">구매</span><span class="text text__num">68</span><span class="for-a11y">건</span></span></span><span class="box__itemcard-benefit-tag"><span class="box__tag box__tag-coupon"><span class="sprite__smilefresh--before box__inner">15% 쿠폰</span></span></span></a><button type="button" class="sprite__smilefresh--after button__favorite-item" aria-describedby="itemCard_title_3644358601" aria-pressed="false" aria-label="관심상품 등록하기"></button></div></div></div></div></li><li class="list-item"><div class="box__itemcard-container"><div class="box__itemcard-body"><div class="box__itemcard-inner"><span class="box__thumbnail__label">70</span><a class="link__itemcard" href="https://item.gmarket.co.kr/Item?goodscode=2519428498" tabindex="-1" aria-hidden="true"><span class="box__itemcard-img"><img class="image__itemcard no-js-400?ver=1725124887" src="data:image/gif;base64,R0lGODlhAQABAIAAAP///wAAACH5BAEAAAAALAAAAAABAAEAAAICRAEAOw==" alt="노브랜드 길어서 좋은 샤워타월 2P - 상품 이미지"/><noscript><style>.no-js-400?ver=1725124887 { display: none !important; }</style><img class="image__itemcard" src="https://gdimg.gmarket.co.kr/2519428498/still/400?ver=1725124887" alt="노브랜드 길어서 좋은 샤워타월 2P - 상품 이미지"/></noscript></span></a><div class="box__itemcard-info"><div class="box__element-info"><div class="element-info-qty"><button aria-describedby="itemCard_title_2519428498" class="sprite__smilefresh--before element-info-qty-minus" aria-disabled="true"><span class="for-a11y">상품 수 <!-- -->1<!-- --> 감소</span></button><span class="element-info-item-qty" aria-describedby="itemCard_title_2519428498"><span class="for-a11y">선택된 수량</span> <!-- -->1</span><button aria-describedby="itemCard_title_2519428498" class="sprite__smilefresh--before element-info-qty-plus"><span class="for-a11y">상품 수 <!-- -->1<!-- --> 증가</span></button></div><button type="button" class="sprite__smilefresh--before element-info-cart" aria-describedby="itemCard_title_2519428498"><span class="for-a11y">장바구니 담기</span></button></div><a href="https://item.gmarket.co.kr/Item?goodscode=2519428498" class="link__itemcard-info"><span class="box__itemcard-title-area" id="itemCard_title_2519428498"><span class="text__title" id="item_title">노브랜드 길어서 좋은 샤워타월 2P</span></span><span class="box__itemcard-price-area"><span class="box__price-seller"><span class="for-a11y">판매가</span><strong class="text__price-seller">2,580</strong><span class="text__unit">원</span></span></span><span class="box__itemcard-info-score"><span class="sprite__smilefresh--before box__score-awards"><span class="for-a11y">평점</span><span class="text text__score">4.8</span><span class="for-a11y">후기</span><span class="text text__num">(735)</span><span class="for-a11y">건</span></span><span class="box__score-buycnt"><span class="text text__buy">구매</span><span class="text text__num">1,970</span><span class="for-a11y">건</span></span></span></a><button type="button" class="sprite__smilefresh--after button__favorite-item" aria-describedby="itemCard_title_2519428498" aria-pressed="false" aria-label="관심상품 등록하기"></button></div></div></div></div></li><li class="list-item"><div class="box__itemcard-container"><div class="box__itemcard-body"><div class="box__itemcard-inner"><span class="box__thumbnail__label">71</span><a class="link__itemcard" href="https://item.gmarket.co.kr/Item?goodscode=2979330519" tabindex="-1" aria-hidden="true"><span class="box__itemcard-img"><img class="image__itemcard no-js-400?ver=1725491588" src="data:image/gif;base64,R0lGODlhAQABAIAAAP///wAAACH5BAEAAAAALAAAAAABAAEAAAICRAEAOw==" alt="노브랜드 섬유유연제 4L 쁘띠 코튼케이크향 - 상품 이미지"/><noscript><style>.no-js-400?ver=1725491588 { display: none !important; }</style><img class="image__itemcard" src="https://gdimg.gmarket.co.kr/2979330519/still/400?ver=1725491588" alt="노브랜드 섬유유연제 4L 쁘띠 코튼케이크향 - 상품 이미지"/></noscript></span></a><div class="box__itemcard-info"><div class="box__element-info"><div class="element-info-qty"><button aria-describedby="itemCard_title_2979330519" class="sprite__smilefresh--before element-info-qty-minus" aria-disabled="true"><span class="for-a11y">상품 수 <!-- -->1<!-- --> 감소</span></button><span class="element-info-item-qty" aria-describedby="itemCard_title_2979330519"><span class="for-a11y">선택된 수량</span> <!-- -->1</span><button aria-describedby="itemCard_title_2979330519" class="sprite__smilefresh--before element-info-qty-plus"><span class="for-a11y">상품 수 <!-- -->1<!-- --> 증가</span></button></div><button type="button" class="sprite__smilefresh--before element-info-cart" aria-describedby="itemCard_title_2979330519"><span class="for-a11y">장바구니 담기</span></button></div><a href="https://item.gmarket.co.kr/Item?goodscode=2979330519" class="link__itemcard-info"><span class="box__itemcard-title-area" id="itemCard_title_2979330519"><span class="text__brand"><span class="text">노브랜드</span></span><span class="text__title" id="item_title">노브랜드 섬유유연제 4L 쁘띠 코튼케이크향</span></span><span class="box__itemcard-price-area"><span class="box__price-seller"><span class="for-a11y">판매가</span><strong class="text__price-seller">4,980</strong><span class="text__unit">원</span></span><span class="box__prime-cost"><span class="for-a11y">원가</span><span class="text__unit-cost">(<!-- -->100mL당 125원<!-- -->)</span></span></span><span class="box__itemcard-info-score"><span class="sprite__smilefresh--before box__score-awards"><span class="for-a11y">평점</span><span class="text text__score">4.8</span><span class="for-a11y">후기</span><span class="text text__num">(220)</span><span class="for-a11y">건</span></span><span class="box__score-buycnt"><span class="text text__buy">구매</span><span class="text text__num">615</span><span class="for-a11y">건</span></span></span></a><button type="button" class="sprite__smilefresh--after button__favorite-item" aria-describedby="itemCard_title_2979330519" aria-pressed="false" aria-label="관심상품 등록하기"></button></div></div></div></div></li><li class="list-item"><div class="box__itemcard-container"><div class="box__itemcard-body"><div class="box__itemcard-inner"><span class="box__thumbnail__label">72</span><a class="link__itemcard" href="https://item.gmarket.co.kr/Item?goodscode=3721547528" tabindex="-1" aria-hidden="true"><span class="box__itemcard-img"><img class="image__itemcard no-js-400?ver=1725139468" src="data:image/gif;base64,R0lGODlhAQABAIAAAP///wAAACH5BAEAAAAALAAAAAABAAEAAAICRAEAOw==" alt="노브랜드 베이킹소다 2KG - 상품 이미지"/><noscript><style>.no-js-400?ver=1725139468 { display: none !important; }</style><img class="image__itemcard" src="https://gdimg.gmarket.co.kr/3721547528/still/400?ver=1725139468" alt="노브랜드 베이킹소다 2KG - 상품 이미지"/></noscript></span></a><div class="box__itemcard-info"><div class="box__element-info"><div class="element-info-qty"><button aria-describedby="itemCard_title_3721547528" class="sprite__smilefresh--before element-info-qty-minus" aria-disabled="true"><span class="for-a11y">상품 수 <!-- -->1<!-- --> 감소</span></button><span class="element-info-item-qty" aria-describedby="itemCard_title_3721547528"><span class="for-a11y">선택된 수량</span> <!-- -->1</span><button aria-describedby="itemCard_title_3721547528" class="sprite__smilefresh--before element-info-qty-plus"><span class="for-a11y">상품 수 <!-- -->1<!-- --> 증가</span></button></div><button type="button" class="sprite__smilefresh--before element-info-cart" aria-describedby="itemCard_title_3721547528"><span class="for-a11y">장바구니 담기</span></button></div><a href="https://item.gmarket.co.kr/Item?goodscode=3721547528" class="link__itemcard-info"><span class="box__itemcard-title-area" id="itemCard_title_3721547528"><span class="text__brand"><span class="text">노브랜드</span></span><span class="text__title" id="item_title">노브랜드 베이킹소다 2KG</span></span><span class="box__itemcard-price-area"><span class="box__price-seller"><span class="for-a11y">판매가</span><strong class="text__price-seller">4,980</strong><span class="text__unit">원</span></span></span><span class="box__itemcard-info-score"><span class="sprite__smilefresh--before box__score-awards"><span class="for-a11y">평점</span><span class="text text__score">4.7</span><span class="for-a11y">후기</span><span class="text text__num">(53)</span><span class="for-a11y">건</span></span><span class="box__score-buycnt"><span class="text text__buy">구매</span><span class="text text__num">117</span><span class="for-a11y">건</span></span></span><span class="box__itemcard-benefit-tag"><span class="box__tag box__tag-coupon"><span class="sprite__smilefresh--before box__inner">15% 쿠폰</span></span></span></a><button type="button" class="sprite__smilefresh--after button__favorite-item" aria-describedby="itemCard_title_3721547528" aria-pressed="false" aria-label="관심상품 등록하기"></button></div></div></div></div></li><li class="list-item"><div class="box__itemcard-container"><div class="box__itemcard-body"><div class="box__itemcard-inner"><span class="box__thumbnail__label">73</span><a class="link__itemcard" href="https://item.gmarket.co.kr/Item?goodscode=2522413218" tabindex="-1" aria-hidden="true"><span class="box__itemcard-img"><img class="image__itemcard no-js-400?ver=1725101650" src="data:image/gif;base64,R0lGODlhAQABAIAAAP///wAAACH5BAEAAAAALAAAAAABAAEAAAICRAEAOw==" alt="3M 넥스케어 딥클렌징 샤워타올 - 상품 이미지"/><noscript><style>.no-js-400?ver=1725101650 { display: none !important; }</style><img class="image__itemcard" src="https://gdimg.gmarket.co.kr/2522413218/still/400?ver=1725101650" alt="3M 넥스케어 딥클렌징 샤워타올 - 상품 이미지"/></noscript></span></a><div class="box__itemcard-info"><div class="box__element-info"><div class="element-info-qty"><button aria-describedby="itemCard_title_2522413218" class="sprite__smilefresh--before element-info-qty-minus" aria-disabled="true"><span class="for-a11y">상품 수 <!-- -->1<!-- --> 감소</span></button><span class="element-info-item-qty" aria-describedby="itemCard_title_2522413218"><span class="for-a11y">선택된 수량</span> <!-- -->1</span><button aria-describedby="itemCard_title_2522413218" class="sprite__smilefresh--before element-info-qty-plus"><span class="for-a11y">상품 수 <!-- -->1<!-- --> 증가</span></button></div><button type="button" class="sprite__smilefresh--before element-info-cart" aria-describedby="itemCard_title_2522413218"><span class="for-a11y">장바구니 담기</span></button></div><a href="https://item.gmarket.co.kr/Item?goodscode=2522413218" class="link__itemcard-info"><span class="box__itemcard-title-area" id="itemCard_title_2522413218"><span class="text__title" id="item_title">3M 넥스케어 딥클렌징 샤워타올</span></span><span class="box__itemcard-price-area"><span class="box__price-seller"><span class="for-a11y">판매가</span><strong class="text__price-seller">2,320</strong><span class="text__unit">원</span></span><span class="box__prime-cost"><span class="for-a11y">원가</span><strong class="text__dc-rate">20<!-- -->%</strong><span class="text__prime-cost">2,900<span class="text__unit">원</span></span></span></span><span class="box__itemcard-info-score"><span class="sprite__smilefresh--before box__score-awards"><span class="for-a11y">평점</span><span class="text text__score">4.8</span><span class="for-a11y">후기</span><span class="text text__num">(769)</span><span class="for-a11y">건</span></span><span class="box__score-buycnt"><span class="text text__buy">구매</span><span class="text text__num">2,355</span><span class="for-a11y">건</span></span></span><span class="box__itemcard-benefit-tag"><span class="box__tag box__tag-coupon"><span class="sprite__smilefresh--before box__inner">15% 쿠폰</span></span></span></a><button type="button" class="sprite__smilefresh--after button__favorite-item" aria-describedby="itemCard_title_2522413218" aria-pressed="false" aria-label="관심상품 등록하기"></button></div></div></div></div></li><li class="list-item"><div class="box__itemcard-container"><div class="box__itemcard-body"><div class="box__itemcard-inner"><span class="box__thumbnail__label">74</span><a class="link__itemcard" href="https://item.gmarket.co.kr/Item?goodscode=2891533946" tabindex="-1" aria-hidden="true"><span class="box__itemcard-img"><img class="image__itemcard no-js-400?ver=1725128502" src="data:image/gif;base64,R0lGODlhAQABAIAAAP///wAAACH5BAEAAAAALAAAAAABAAEAAAICRAEAOw==" alt="프릴 그린파워 알로에베라 700ml 용기 - 상품 이미지"/><noscript><style>.no-js-400?ver=1725128502 { display: none !important; }</style><img class="image__itemcard" src="https://gdimg.gmarket.co.kr/2891533946/still/400?ver=1725128502" alt="프릴 그린파워 알로에베라 700ml 용기 - 상품 이미지"/></noscript></span></a><div class="box__itemcard-info"><div class="box__element-info"><div class="element-info-qty"><button aria-describedby="itemCard_title_2891533946" class="sprite__smilefresh--before element-info-qty-minus" aria-disabled="true"><span class="for-a11y">상품 수 <!-- -->1<!-- --> 감소</span></button><span class="element-info-item-qty" aria-describedby="itemCard_title_2891533946"><span class="for-a11y">선택된 수량</span> <!-- -->1</span><button aria-describedby="itemCard_title_2891533946" class="sprite__smilefresh--before element-info-qty-plus"><span class="for-a11y">상품 수 <!-- -->1<!-- --> 증가</span></button></div><button type="button" class="sprite__smilefresh--before element-info-cart" aria-describedby="itemCard_title_2891533946"><span class="for-a11y">장바구니 담기</span></button></div><a href="https://item.gmarket.co.kr/Item?goodscode=2891533946" class="link__itemcard-info"><span class="box__itemcard-title-area" id="itemCard_title_2891533946"><span class="text__brand"><span class="text">프릴</span></span><span class="text__title" id="item_title">프릴 그린파워 알로에베라 700ml 용기</span></span><span class="box__itemcard-price-area"><span class="box__price-seller"><span class="for-a11y">판매가</span><strong class="text__price-seller">6,900</strong><span class="text__unit">원</span></span><span class="box__prime-cost"><span class="for-a11y">원가</span><span class="text__unit-cost">(<!-- -->100mL당 986원<!-- -->)</span></span></span><span class="box__itemcard-info-score"><span class="sprite__smilefresh--before box__score-awards"><span class="for-a11y">평점</span><span class="text text__score">4.8</span><span class="for-a11y">후기</span><span class="text text__num">(49)</span><span class="for-a11y">건</span></span><span class="box__score-buycnt"><span class="text text__buy">구매</span><span class="text text__num">281</span><span class="for-a11y">건</span></span></span><span class="box__itemcard-benefit-tag"><span class="box__tag box__tag-coupon"><span class="sprite__smilefresh--before box__inner">15% 쿠폰</span></span></span></a><button type="button" class="sprite__smilefresh--after button__favorite-item" aria-describedby="itemCard_title_2891533946" aria-pressed="false" aria-label="관심상품 등록하기"></button></div></div></div></div></li><li class="list-item"><div class="box__itemcard-container"><div class="box__itemcard-body"><div class="box__itemcard-inner"><span class="box__thumbnail__label">75</span><a class="link__itemcard" href="https://item.gmarket.co.kr/Item?goodscode=2519426930" tabindex="-1" aria-hidden="true"><span class="box__itemcard-img"><img class="image__itemcard no-js-400?ver=1725122006" src="data:image/gif;base64,R0lGODlhAQABAIAAAP///wAAACH5BAEAAAAALAAAAAABAAEAAAICRAEAOw==" alt="슈가버블 레몬크러쉬 주방세제 2.5L+470ML - 상품 이미지"/><noscript><style>.no-js-400?ver=1725122006 { display: none !important; }</style><img class="image__itemcard" src="https://gdimg.gmarket.co.kr/2519426930/still/400?ver=1725122006" alt="슈가버블 레몬크러쉬 주방세제 2.5L+470ML - 상품 이미지"/></noscript></span></a><div class="box__itemcard-info"><div class="box__element-info"><div class="element-info-qty"><button aria-describedby="itemCard_title_2519426930" class="sprite__smilefresh--before element-info-qty-minus" aria-disabled="true"><span class="for-a11y">상품 수 <!-- -->1<!-- --> 감소</span></button><span class="element-info-item-qty" aria-describedby="itemCard_title_2519426930"><span class="for-a11y">선택된 수량</span> <!-- -->1</span><button aria-describedby="itemCard_title_2519426930" class="sprite__smilefresh--before element-info-qty-plus"><span class="for-a11y">상품 수 <!-- -->1<!-- --> 증가</span></button></div><button type="button" class="sprite__smilefresh--before element-info-cart" aria-describedby="itemCard_title_2519426930"><span class="for-a11y">장바구니 담기</span></button></div><a href="https://item.gmarket.co.kr/Item?goodscode=2519426930" class="link__itemcard-info"><span class="box__itemcard-title-area" id="itemCard_title_2519426930"><span class="text__brand"><span class="text">슈가버블</span></span><span class="text__title" id="item_title">슈가버블 레몬크러쉬 주방세제 2.5L+470ML</span></span><span class="box__itemcard-price-area"><span class="box__price-seller"><span class="for-a11y">판매가</span><strong class="text__price-seller">7,500</strong><span class="text__unit">원</span></span><span class="box__prime-cost"><span class="for-a11y">원가</span><strong class="text__dc-rate">24<!-- -->%</strong><span class="text__prime-cost">9,900<span class="text__unit">원</span></span></span></span><span class="box__itemcard-info-score"><span class="sprite__smilefresh--before box__score-awards"><span class="for-a11y">평점</span><span class="text text__score">4.8</span><span class="for-a11y">후기</span><span class="text text__num">(61)</span><span class="for-a11y">건</span></span><span class="box__score-buycnt"><span class="text text__buy">구매</span><span class="text text__num">275</span><span class="for-a11y">건</span></span></span><span class="box__itemcard-benefit-tag"><span class="box__tag box__tag-coupon"><span class="sprite__smilefresh--before box__inner">15% 쿠폰</span></span></span></a><button type="button" class="sprite__smilefresh--after button__favorite-item" aria-describedby="itemCard_title_2519426930" aria-pressed="false" aria-label="관심상품 등록하기"></button></div></div></div></div></li><li class="list-item"><div class="box__itemcard-container"><div class="box__itemcard-body"><div class="box__itemcard-inner"><span class="box__thumbnail__label">76</span><a class="link__itemcard" href="https://item.gmarket.co.kr/Item?goodscode=2903930011" tabindex="-1" aria-hidden="true"><span class="box__itemcard-img"><img class="image__itemcard no-js-400?ver=1725129032" src="data:image/gif;base64,R0lGODlhAQABAIAAAP///wAAACH5BAEAAAAALAAAAAABAAEAAAICRAEAOw==" alt="슈가버블 버블원샷 캡슐세제 50입 - 상품 이미지"/><noscript><style>.no-js-400?ver=1725129032 { display: none !important; }</style><img class="image__itemcard" src="https://gdimg.gmarket.co.kr/2903930011/still/400?ver=1725129032" alt="슈가버블 버블원샷 캡슐세제 50입 - 상품 이미지"/></noscript></span></a><div class="box__itemcard-info"><div class="box__element-info"><div class="element-info-qty"><button aria-describedby="itemCard_title_2903930011" class="sprite__smilefresh--before element-info-qty-minus" aria-disabled="true"><span class="for-a11y">상품 수 <!-- -->1<!-- --> 감소</span></button><span class="element-info-item-qty" aria-describedby="itemCard_title_2903930011"><span class="for-a11y">선택된 수량</span> <!-- -->1</span><button aria-describedby="itemCard_title_2903930011" class="sprite__smilefresh--before element-info-qty-plus"><span class="for-a11y">상품 수 <!-- -->1<!-- --> 증가</span></button></div><button type="button" class="sprite__smilefresh--before element-info-cart" aria-describedby="itemCard_title_2903930011"><span class="for-a11y">장바구니 담기</span></button></div><a href="https://item.gmarket.co.kr/Item?goodscode=2903930011" class="link__itemcard-info"><span class="box__itemcard-title-area" id="itemCard_title_2903930011"><span class="text__brand"><span class="text">슈가버블</span></span><span class="text__title" id="item_title">슈가버블 버블원샷 캡슐세제 50입</span></span><span class="box__itemcard-price-area"><span class="box__price-seller"><span class="for-a11y">판매가</span><strong class="text__price-seller">8,950</strong><span class="text__unit">원</span></span><span class="box__prime-cost"><span class="for-a11y">원가</span><strong class="text__dc-rate">50<!-- -->%</strong><span class="text__prime-cost">17,900<span class="text__unit">원</span></span></span></span><span class="box__itemcard-info-score"><span class="sprite__smilefresh--before box__score-awards"><span class="for-a11y">평점</span><span class="text text__score">4.8</span><span class="for-a11y">후기</span><span class="text text__num">(203)</span><span class="for-a11y">건</span></span><span class="box__score-buycnt"><span class="text text__buy">구매</span><span class="text text__num">686</span><span class="for-a11y">건</span></span></span><span class="box__itemcard-benefit-tag"><span class="box__tag box__tag-coupon"><span class="sprite__smilefresh--before box__inner">15% 쿠폰</span></span></span></a><button type="button" class="sprite__smilefresh--after button__favorite-item" aria-describedby="itemCard_title_2903930011" aria-pressed="false" aria-label="관심상품 등록하기"></button></div></div></div></div></li><li class="list-item"><div class="box__itemcard-container"><div class="box__itemcard-body"><div class="box__itemcard-inner"><span class="box__thumbnail__label">77</span><a class="link__itemcard" href="https://item.gmarket.co.kr/Item?goodscode=2522461876" tabindex="-1" aria-hidden="true"><span class="box__itemcard-img"><img class="image__itemcard no-js-400?ver=1725102031" src="data:image/gif;base64,R0lGODlhAQABAIAAAP///wAAACH5BAEAAAAALAAAAAABAAEAAAICRAEAOw==" alt="노브랜드 섬유유연제 2.1L (라벤더블룸) - 상품 이미지"/><noscript><style>.no-js-400?ver=1725102031 { display: none !important; }</style><img class="image__itemcard" src="https://gdimg.gmarket.co.kr/2522461876/still/400?ver=1725102031" alt="노브랜드 섬유유연제 2.1L (라벤더블룸) - 상품 이미지"/></noscript></span></a><div class="box__itemcard-info"><div class="box__element-info"><div class="element-info-qty"><button aria-describedby="itemCard_title_2522461876" class="sprite__smilefresh--before element-info-qty-minus" aria-disabled="true"><span class="for-a11y">상품 수 <!-- -->1<!-- --> 감소</span></button><span class="element-info-item-qty" aria-describedby="itemCard_title_2522461876"><span class="for-a11y">선택된 수량</span> <!-- -->1</span><button aria-describedby="itemCard_title_2522461876" class="sprite__smilefresh--before element-info-qty-plus"><span class="for-a11y">상품 수 <!-- -->1<!-- --> 증가</span></button></div><button type="button" class="sprite__smilefresh--before element-info-cart" aria-describedby="itemCard_title_2522461876"><span class="for-a11y">장바구니 담기</span></button></div><a href="https://item.gmarket.co.kr/Item?goodscode=2522461876" class="link__itemcard-info"><span class="box__itemcard-title-area" id="itemCard_title_2522461876"><span class="text__brand"><span class="text">노브랜드</span></span><span class="text__title" id="item_title">노브랜드 섬유유연제 2.1L (라벤더블룸)</span></span><span class="box__itemcard-price-area"><span class="box__price-seller"><span class="for-a11y">판매가</span><strong class="text__price-seller">2,980</strong><span class="text__unit">원</span></span><span class="box__prime-cost"><span class="for-a11y">원가</span><span class="text__unit-cost">(<!-- -->100mL당 142원<!-- -->)</span></span></span><span class="box__itemcard-info-score"><span class="sprite__smilefresh--before box__score-awards"><span class="for-a11y">평점</span><span class="text text__score">4.7</span><span class="for-a11y">후기</span><span class="text text__num">(485)</span><span class="for-a11y">건</span></span><span class="box__score-buycnt"><span class="text text__buy">구매</span><span class="text text__num">1,523</span><span class="for-a11y">건</span></span></span></a><button type="button" class="sprite__smilefresh--after button__favorite-item" aria-describedby="itemCard_title_2522461876" aria-pressed="false" aria-label="관심상품 등록하기"></button></div></div></div></div></li><li class="list-item"><div class="box__itemcard-container"><div class="box__itemcard-body"><div class="box__itemcard-inner"><span class="box__thumbnail__label">78</span><a class="link__itemcard" href="https://item.gmarket.co.kr/Item?goodscode=2518728577" tabindex="-1" aria-hidden="true"><span class="box__itemcard-img"><img class="image__itemcard no-js-400?ver=1725092291" src="data:image/gif;base64,R0lGODlhAQABAIAAAP///wAAACH5BAEAAAAALAAAAAABAAEAAAICRAEAOw==" alt="유한락스 유한락스 1.8L - 상품 이미지"/><noscript><style>.no-js-400?ver=1725092291 { display: none !important; }</style><img class="image__itemcard" src="https://gdimg.gmarket.co.kr/2518728577/still/400?ver=1725092291" alt="유한락스 유한락스 1.8L - 상품 이미지"/></noscript></span></a><div class="box__itemcard-info"><div class="box__element-info"><div class="element-info-qty"><button aria-describedby="itemCard_title_2518728577" class="sprite__smilefresh--before element-info-qty-minus" aria-disabled="true"><span class="for-a11y">상품 수 <!-- -->1<!-- --> 감소</span></button><span class="element-info-item-qty" aria-describedby="itemCard_title_2518728577"><span class="for-a11y">선택된 수량</span> <!-- -->1</span><button aria-describedby="itemCard_title_2518728577" class="sprite__smilefresh--before element-info-qty-plus"><span class="for-a11y">상품 수 <!-- -->1<!-- --> 증가</span></button></div><button type="button" class="sprite__smilefresh--before element-info-cart" aria-describedby="itemCard_title_2518728577"><span class="for-a11y">장바구니 담기</span></button></div><a href="https://item.gmarket.co.kr/Item?goodscode=2518728577" class="link__itemcard-info"><span class="box__itemcard-title-area" id="itemCard_title_2518728577"><span class="text__brand"><span class="text">유한락스</span></span><span class="text__title" id="item_title">유한락스 유한락스 1.8L</span></span><span class="box__itemcard-price-area"><span class="box__price-seller"><span class="for-a11y">판매가</span><strong class="text__price-seller">4,640</strong><span class="text__unit">원</span></span><span class="box__prime-cost"><span class="for-a11y">원가</span><span class="text__unit-cost">(<!-- -->100mL당 258원<!-- -->)</span></span></span><span class="box__itemcard-info-score"><span class="sprite__smilefresh--before box__score-awards"><span class="for-a11y">평점</span><span class="text text__score">4.8</span><span class="for-a11y">후기</span><span class="text text__num">(282)</span><span class="for-a11y">건</span></span><span class="box__score-buycnt"><span class="text text__buy">구매</span><span class="text text__num">1,123</span><span class="for-a11y">건</span></span></span><span class="box__itemcard-benefit-tag"><span class="box__tag box__tag-coupon"><span class="sprite__smilefresh--before box__inner">15% 쿠폰</span></span></span></a><button type="button" class="sprite__smilefresh--after button__favorite-item" aria-describedby="itemCard_title_2518728577" aria-pressed="false" aria-label="관심상품 등록하기"></button></div></div></div></div></li><li class="list-item"><div class="box__itemcard-container"><div class="box__itemcard-body"><div class="box__itemcard-inner"><span class="box__thumbnail__label">79</span><a class="link__itemcard" href="https://item.gmarket.co.kr/Item?goodscode=2518733481" tabindex="-1" aria-hidden="true"><span class="box__itemcard-img"><img class="image__itemcard no-js-400?ver=1725091465" src="data:image/gif;base64,R0lGODlhAQABAIAAAP///wAAACH5BAEAAAAALAAAAAABAAEAAAICRAEAOw==" alt="피죤 블루비앙카 2.1 (New) - 상품 이미지"/><noscript><style>.no-js-400?ver=1725091465 { display: none !important; }</style><img class="image__itemcard" src="https://gdimg.gmarket.co.kr/2518733481/still/400?ver=1725091465" alt="피죤 블루비앙카 2.1 (New) - 상품 이미지"/></noscript></span></a><div class="box__itemcard-info"><div class="box__element-info"><div class="element-info-qty"><button aria-describedby="itemCard_title_2518733481" class="sprite__smilefresh--before element-info-qty-minus" aria-disabled="true"><span class="for-a11y">상품 수 <!-- -->1<!-- --> 감소</span></button><span class="element-info-item-qty" aria-describedby="itemCard_title_2518733481"><span class="for-a11y">선택된 수량</span> <!-- -->1</span><button aria-describedby="itemCard_title_2518733481" class="sprite__smilefresh--before element-info-qty-plus"><span class="for-a11y">상품 수 <!-- -->1<!-- --> 증가</span></button></div><button type="button" class="sprite__smilefresh--before element-info-cart" aria-describedby="itemCard_title_2518733481"><span class="for-a11y">장바구니 담기</span></button></div><a href="https://item.gmarket.co.kr/Item?goodscode=2518733481" class="link__itemcard-info"><span class="box__itemcard-title-area" id="itemCard_title_2518733481"><span class="text__brand"><span class="text">피죤</span></span><span class="text__title" id="item_title">피죤 블루비앙카 2.1 (New)</span></span><span class="box__itemcard-price-area"><span class="box__price-seller"><span class="for-a11y">판매가</span><strong class="text__price-seller">3,500</strong><span class="text__unit">원</span></span><span class="box__prime-cost"><span class="for-a11y">원가</span><span class="text__unit-cost">(<!-- -->100mL당 167원<!-- -->)</span></span></span><span class="box__itemcard-info-score"><span class="sprite__smilefresh--before box__score-awards"><span class="for-a11y">평점</span><span class="text text__score">4.8</span><span class="for-a11y">후기</span><span class="text text__num">(569)</span><span class="for-a11y">건</span></span><span class="box__score-buycnt"><span class="text text__buy">구매</span><span class="text text__num">7,707</span><span class="for-a11y">건</span></span></span><span class="box__itemcard-benefit-tag"><span class="box__tag box__tag-coupon"><span class="sprite__smilefresh--before box__inner">15% 쿠폰</span></span></span></a><button type="button" class="sprite__smilefresh--after button__favorite-item" aria-describedby="itemCard_title_2518733481" aria-pressed="false" aria-label="관심상품 등록하기"></button></div></div></div></div></li><li class="list-item"><div class="box__itemcard-container"><div class="box__itemcard-body"><div class="box__itemcard-inner"><span class="box__thumbnail__label">80</span><a class="link__itemcard" href="https://item.gmarket.co.kr/Item?goodscode=2523287320" tabindex="-1" aria-hidden="true"><span class="box__itemcard-img"><img class="image__itemcard no-js-400?ver=1725100083" src="data:image/gif;base64,R0lGODlhAQABAIAAAP///wAAACH5BAEAAAAALAAAAAABAAEAAAICRAEAOw==" alt="노브랜드 주방세제 1L - 상품 이미지"/><noscript><style>.no-js-400?ver=1725100083 { display: none !important; }</style><img class="image__itemcard" src="https://gdimg.gmarket.co.kr/2523287320/still/400?ver=1725100083" alt="노브랜드 주방세제 1L - 상품 이미지"/></noscript></span></a><div class="box__itemcard-info"><div class="box__element-info"><div class="element-info-qty"><button aria-describedby="itemCard_title_2523287320" class="sprite__smilefresh--before element-info-qty-minus" aria-disabled="true"><span class="for-a11y">상품 수 <!-- -->1<!-- --> 감소</span></button><span class="element-info-item-qty" aria-describedby="itemCard_title_2523287320"><span class="for-a11y">선택된 수량</span> <!-- -->1</span><button aria-describedby="itemCard_title_2523287320" class="sprite__smilefresh--before element-info-qty-plus"><span class="for-a11y">상품 수 <!-- -->1<!-- --> 증가</span></button></div><button type="button" class="sprite__smilefresh--before element-info-cart" aria-describedby="itemCard_title_2523287320"><span class="for-a11y">장바구니 담기</span></button></div><a href="https://item.gmarket.co.kr/Item?goodscode=2523287320" class="link__itemcard-info"><span class="box__itemcard-title-area" id="itemCard_title_2523287320"><span class="text__brand"><span class="text">노브랜드</span></span><span class="text__title" id="item_title">노브랜드 주방세제 1L</span></span><span class="box__itemcard-price-area"><span class="box__price-seller"><span class="for-a11y">판매가</span><strong class="text__price-seller">2,980</strong><span class="text__unit">원</span></span><span class="box__prime-cost"><span class="for-a11y">원가</span><span class="text__unit-cost">(<!-- -->100mL당 298원<!-- -->)</span></span></span><span class="box__itemcard-info-score"><span class="sprite__smilefresh--before box__score-awards"><span class="for-a11y">평점</span><span class="text text__score">4.8</span><span class="for-a11y">후기</span><span class="text text__num">(474)</span><span class="for-a11y">건</span></span><span class="box__score-buycnt"><span class="text text__buy">구매</span><span class="text text__num">1,734</span><span class="for-a11y">건</span></span></span></a><button type="button" class="sprite__smilefresh--after button__favorite-item" aria-describedby="itemCard_title_2523287320" aria-pressed="false" aria-label="관심상품 등록하기"></button></div></div></div></div></li><li class="list-item"><div class="box__itemcard-container"><div class="box__itemcard-body"><div class="box__itemcard-inner"><span class="box__thumbnail__label">81</span><a class="link__itemcard" href="https://item.gmarket.co.kr/Item?goodscode=2763319038" tabindex="-1" aria-hidden="true"><span class="box__itemcard-img"><img class="image__itemcard no-js-400?ver=1725130656" src="data:image/gif;base64,R0lGODlhAQABAIAAAP///wAAACH5BAEAAAAALAAAAAABAAEAAAICRAEAOw==" alt="피지 디나자임딥클린 세탁세제 2.2L(프레쉬) - 상품 이미지"/><noscript><style>.no-js-400?ver=1725130656 { display: none !important; }</style><img class="image__itemcard" src="https://gdimg.gmarket.co.kr/2763319038/still/400?ver=1725130656" alt="피지 디나자임딥클린 세탁세제 2.2L(프레쉬) - 상품 이미지"/></noscript></span></a><div class="box__itemcard-info"><div class="box__element-info"><div class="element-info-qty"><button aria-describedby="itemCard_title_2763319038" class="sprite__smilefresh--before element-info-qty-minus" aria-disabled="true"><span class="for-a11y">상품 수 <!-- -->1<!-- --> 감소</span></button><span class="element-info-item-qty" aria-describedby="itemCard_title_2763319038"><span class="for-a11y">선택된 수량</span> <!-- -->1</span><button aria-describedby="itemCard_title_2763319038" class="sprite__smilefresh--before element-info-qty-plus"><span class="for-a11y">상품 수 <!-- -->1<!-- --> 증가</span></button></div><button type="button" class="sprite__smilefresh--before element-info-cart" aria-describedby="itemCard_title_2763319038"><span class="for-a11y">장바구니 담기</span></button></div><a href="https://item.gmarket.co.kr/Item?goodscode=2763319038" class="link__itemcard-info"><span class="box__itemcard-title-area" id="itemCard_title_2763319038"><span class="text__brand"><span class="text">피지</span></span><span class="text__title" id="item_title">피지 디나자임딥클린 세탁세제 2.2L(프레쉬)</span></span><span class="box__itemcard-price-area"><span class="box__price-seller"><span class="for-a11y">판매가</span><strong class="text__price-seller">19,900</strong><span class="text__unit">원</span></span></span><span class="box__itemcard-info-score"><span class="sprite__smilefresh--before box__score-awards"><span class="for-a11y">평점</span><span class="text text__score">4.9</span><span class="for-a11y">후기</span><span class="text text__num">(62)</span><span class="for-a11y">건</span></span><span class="box__score-buycnt"><span class="text text__buy">구매</span><span class="text text__num">248</span><span class="for-a11y">건</span></span></span><span class="box__itemcard-benefit-tag"><span class="box__tag box__tag-coupon"><span class="sprite__smilefresh--before box__inner">15% 쿠폰</span></span></span></a><button type="button" class="sprite__smilefresh--after button__favorite-item" aria-describedby="itemCard_title_2763319038" aria-pressed="false" aria-label="관심상품 등록하기"></button></div></div></div></div></li><li class="list-item"><div class="box__itemcard-container"><div class="box__itemcard-body"><div class="box__itemcard-inner"><span class="box__thumbnail__label">82</span><a class="link__itemcard" href="https://item.gmarket.co.kr/Item?goodscode=3452850320" tabindex="-1" aria-hidden="true"><span class="box__itemcard-img"><img class="image__itemcard no-js-400?ver=1725136767" src="data:image/gif;base64,R0lGODlhAQABAIAAAP///wAAACH5BAEAAAAALAAAAAABAAEAAAICRAEAOw==" alt="아우라 생화캡슐 2.3L리필(프레시릴리) - 상품 이미지"/><noscript><style>.no-js-400?ver=1725136767 { display: none !important; }</style><img class="image__itemcard" src="https://gdimg.gmarket.co.kr/3452850320/still/400?ver=1725136767" alt="아우라 생화캡슐 2.3L리필(프레시릴리) - 상품 이미지"/></noscript></span></a><div class="box__itemcard-info"><div class="box__element-info"><div class="element-info-qty"><button aria-describedby="itemCard_title_3452850320" class="sprite__smilefresh--before element-info-qty-minus" aria-disabled="true"><span class="for-a11y">상품 수 <!-- -->1<!-- --> 감소</span></button><span class="element-info-item-qty" aria-describedby="itemCard_title_3452850320"><span class="for-a11y">선택된 수량</span> <!-- -->1</span><button aria-describedby="itemCard_title_3452850320" class="sprite__smilefresh--before element-info-qty-plus"><span class="for-a11y">상품 수 <!-- -->1<!-- --> 증가</span></button></div><button type="button" class="sprite__smilefresh--before element-info-cart" aria-describedby="itemCard_title_3452850320"><span class="for-a11y">장바구니 담기</span></button></div><a href="https://item.gmarket.co.kr/Item?goodscode=3452850320" class="link__itemcard-info"><span class="box__itemcard-title-area" id="itemCard_title_3452850320"><span class="text__brand"><span class="text">아우라</span></span><span class="text__title" id="item_title">아우라 생화캡슐 2.3L리필(프레시릴리)</span></span><span class="box__itemcard-price-area"><span class="box__price-seller"><span class="for-a11y">판매가</span><strong class="text__price-seller">7,900</strong><span class="text__unit">원</span></span><span class="box__prime-cost"><span class="for-a11y">원가</span><span class="text__unit-cost">(<!-- -->100mL당 343원<!-- -->)</span></span></span><span class="box__itemcard-info-score"><span class="sprite__smilefresh--before box__score-awards"><span class="for-a11y">평점</span><span class="text text__score">4.9</span><span class="for-a11y">후기</span><span class="text text__num">(63)</span><span class="for-a11y">건</span></span><span class="box__score-buycnt"><span class="text text__buy">구매</span><span class="text text__num">210</span><span class="for-a11y">건</span></span></span><span class="box__itemcard-benefit-tag"><span class="box__tag box__tag-coupon"><span class="sprite__smilefresh--before box__inner">15% 쿠폰</span></span></span></a><button type="button" class="sprite__smilefresh--after button__favorite-item" aria-describedby="itemCard_title_3452850320" aria-pressed="false" aria-label="관심상품 등록하기"></button></div></div></div></div></li><li class="list-item"><div class="box__itemcard-container"><div class="box__itemcard-body"><div class="box__itemcard-inner"><span class="box__thumbnail__label">83</span><a class="link__itemcard" href="https://item.gmarket.co.kr/Item?goodscode=3721191855" tabindex="-1" aria-hidden="true"><span class="box__itemcard-img"><img class="image__itemcard no-js-400?ver=1725138566" src="data:image/gif;base64,R0lGODlhAQABAIAAAP///wAAACH5BAEAAAAALAAAAAABAAEAAAICRAEAOw==" alt="홈스타 막힌곳을부탁해 매직펑펑 2L - 상품 이미지"/><noscript><style>.no-js-400?ver=1725138566 { display: none !important; }</style><img class="image__itemcard" src="https://gdimg.gmarket.co.kr/3721191855/still/400?ver=1725138566" alt="홈스타 막힌곳을부탁해 매직펑펑 2L - 상품 이미지"/></noscript></span></a><div class="box__itemcard-info"><div class="box__element-info"><div class="element-info-qty"><button aria-describedby="itemCard_title_3721191855" class="sprite__smilefresh--before element-info-qty-minus" aria-disabled="true"><span class="for-a11y">상품 수 <!-- -->1<!-- --> 감소</span></button><span class="element-info-item-qty" aria-describedby="itemCard_title_3721191855"><span class="for-a11y">선택된 수량</span> <!-- -->1</span><button aria-describedby="itemCard_title_3721191855" class="sprite__smilefresh--before element-info-qty-plus"><span class="for-a11y">상품 수 <!-- -->1<!-- --> 증가</span></button></div><button type="button" class="sprite__smilefresh--before element-info-cart" aria-describedby="itemCard_title_3721191855"><span class="for-a11y">장바구니 담기</span></button></div><a href="https://item.gmarket.co.kr/Item?goodscode=3721191855" class="link__itemcard-info"><span class="box__itemcard-title-area" id="itemCard_title_3721191855"><span class="text__brand"><span class="text">홈스타</span></span><span class="text__title" id="item_title">홈스타 막힌곳을부탁해 매직펑펑 2L</span></span><span class="box__itemcard-price-area"><span class="box__price-seller"><span class="for-a11y">판매가</span><strong class="text__price-seller">2,500</strong><span class="text__unit">원</span></span></span><span class="box__itemcard-info-score"><span class="sprite__smilefresh--before box__score-awards"><span class="for-a11y">평점</span><span class="text text__score">4.8</span><span class="for-a11y">후기</span><span class="text text__num">(542)</span><span class="for-a11y">건</span></span><span class="box__score-buycnt"><span class="text text__buy">구매</span><span class="text text__num">2,038</span><span class="for-a11y">건</span></span></span><span class="box__itemcard-benefit-tag"><span class="box__tag box__tag-coupon"><span class="sprite__smilefresh--before box__inner">15% 쿠폰</span></span></span></a><button type="button" class="sprite__smilefresh--after button__favorite-item" aria-describedby="itemCard_title_3721191855" aria-pressed="false" aria-label="관심상품 등록하기"></button></div></div></div></div></li><li class="list-item"><div class="box__itemcard-container"><div class="box__itemcard-body"><div class="box__itemcard-inner"><span class="box__thumbnail__label">84</span><a class="link__itemcard" href="https://item.gmarket.co.kr/Item?goodscode=2522693889" tabindex="-1" aria-hidden="true"><span class="box__itemcard-img"><img class="image__itemcard no-js-400?ver=1725103021" src="data:image/gif;base64,R0lGODlhAQABAIAAAP///wAAACH5BAEAAAAALAAAAAABAAEAAAICRAEAOw==" alt="유한락스 세탁조세정제 500ML - 상품 이미지"/><noscript><style>.no-js-400?ver=1725103021 { display: none !important; }</style><img class="image__itemcard" src="https://gdimg.gmarket.co.kr/2522693889/still/400?ver=1725103021" alt="유한락스 세탁조세정제 500ML - 상품 이미지"/></noscript></span></a><div class="box__itemcard-info"><div class="box__element-info"><div class="element-info-qty"><button aria-describedby="itemCard_title_2522693889" class="sprite__smilefresh--before element-info-qty-minus" aria-disabled="true"><span class="for-a11y">상품 수 <!-- -->1<!-- --> 감소</span></button><span class="element-info-item-qty" aria-describedby="itemCard_title_2522693889"><span class="for-a11y">선택된 수량</span> <!-- -->1</span><button aria-describedby="itemCard_title_2522693889" class="sprite__smilefresh--before element-info-qty-plus"><span class="for-a11y">상품 수 <!-- -->1<!-- --> 증가</span></button></div><button type="button" class="sprite__smilefresh--before element-info-cart" aria-describedby="itemCard_title_2522693889"><span class="for-a11y">장바구니 담기</span></button></div><a href="https://item.gmarket.co.kr/Item?goodscode=2522693889" class="link__itemcard-info"><span class="box__itemcard-title-area" id="itemCard_title_2522693889"><span class="text__brand"><span class="text">유한락스</span></span><span class="text__title" id="item_title">유한락스 세탁조세정제 500ML</span></span><span class="box__itemcard-price-area"><span class="box__price-seller"><span class="for-a11y">판매가</span><strong class="text__price-seller">4,300</strong><span class="text__unit">원</span></span></span><span class="box__itemcard-info-score"><span class="sprite__smilefresh--before box__score-awards"><span class="for-a11y">평점</span><span class="text text__score">4.8</span><span class="for-a11y">후기</span><span class="text text__num">(192)</span><span class="for-a11y">건</span></span><span class="box__score-buycnt"><span class="text text__buy">구매</span><span class="text text__num">693</span><span class="for-a11y">건</span></span></span><span class="box__itemcard-benefit-tag"><span class="box__tag box__tag-coupon"><span class="sprite__smilefresh--before box__inner">15% 쿠폰</span></span></span></a><button type="button" class="sprite__smilefresh--after button__favorite-item" aria-describedby="itemCard_title_2522693889" aria-pressed="false" aria-label="관심상품 등록하기"></button></div></div></div></div></li><li class="list-item"><div class="box__itemcard-container"><div class="box__itemcard-body"><div class="box__itemcard-inner"><span class="box__thumbnail__label">85</span><a class="link__itemcard" href="https://item.gmarket.co.kr/Item?goodscode=2523154759" tabindex="-1" aria-hidden="true"><span class="box__itemcard-img"><img class="image__itemcard no-js-400?ver=1725100574" src="data:image/gif;base64,R0lGODlhAQABAIAAAP///wAAACH5BAEAAAAALAAAAAABAAEAAAICRAEAOw==" alt="제로퀵 서랍장용 20입(시트로넬라) - 상품 이미지"/><noscript><style>.no-js-400?ver=1725100574 { display: none !important; }</style><img class="image__itemcard" src="https://gdimg.gmarket.co.kr/2523154759/still/400?ver=1725100574" alt="제로퀵 서랍장용 20입(시트로넬라) - 상품 이미지"/></noscript></span></a><div class="box__itemcard-info"><div class="box__element-info"><div class="element-info-qty"><button aria-describedby="itemCard_title_2523154759" class="sprite__smilefresh--before element-info-qty-minus" aria-disabled="true"><span class="for-a11y">상품 수 <!-- -->1<!-- --> 감소</span></button><span class="element-info-item-qty" aria-describedby="itemCard_title_2523154759"><span class="for-a11y">선택된 수량</span> <!-- -->1</span><button aria-describedby="itemCard_title_2523154759" class="sprite__smilefresh--before element-info-qty-plus"><span class="for-a11y">상품 수 <!-- -->1<!-- --> 증가</span></button></div><button type="button" class="sprite__smilefresh--before element-info-cart" aria-describedby="itemCard_title_2523154759"><span class="for-a11y">장바구니 담기</span></button></div><a href="https://item.gmarket.co.kr/Item?goodscode=2523154759" class="link__itemcard-info"><span class="box__itemcard-title-area" id="itemCard_title_2523154759"><span class="text__brand"><span class="text">제로퀵</span></span><span class="text__title" id="item_title">제로퀵 서랍장용 20입(시트로넬라)</span></span><span class="box__itemcard-price-area"><span class="box__price-seller"><span class="for-a11y">판매가</span><strong class="text__price-seller">5,500</strong><span class="text__unit">원</span></span></span><span class="box__itemcard-info-score"><span class="sprite__smilefresh--before box__score-awards"><span class="for-a11y">평점</span><span class="text text__score">4.6</span><span class="for-a11y">후기</span><span class="text text__num">(39)</span><span class="for-a11y">건</span></span><span class="box__score-buycnt"><span class="text text__buy">구매</span><span class="text text__num">244</span><span class="for-a11y">건</span></span></span><span class="box__itemcard-benefit-tag"><span class="box__tag box__tag-coupon"><span class="sprite__smilefresh--before box__inner">15% 쿠폰</span></span></span></a><button type="button" class="sprite__smilefresh--after button__favorite-item" aria-describedby="itemCard_title_2523154759" aria-pressed="false" aria-label="관심상품 등록하기"></button></div></div></div></div></li><li class="list-item"><div class="box__itemcard-container"><div class="box__itemcard-body"><div class="box__itemcard-inner"><span class="box__thumbnail__label">86</span><a class="link__itemcard" href="https://item.gmarket.co.kr/Item?goodscode=2612842667" tabindex="-1" aria-hidden="true"><span class="box__itemcard-img"><img class="image__itemcard no-js-400?ver=1714076818" src="data:image/gif;base64,R0lGODlhAQABAIAAAP///wAAACH5BAEAAAAALAAAAAABAAEAAAICRAEAOw==" alt="락앤락 튼튼한 빨래건조대 - 상품 이미지"/><noscript><style>.no-js-400?ver=1714076818 { display: none !important; }</style><img class="image__itemcard" src="https://gdimg.gmarket.co.kr/2612842667/still/400?ver=1714076818" alt="락앤락 튼튼한 빨래건조대 - 상품 이미지"/></noscript></span></a><div class="box__itemcard-info"><div class="box__element-info"><div class="element-info-qty"><button aria-describedby="itemCard_title_2612842667" class="sprite__smilefresh--before element-info-qty-minus" aria-disabled="true"><span class="for-a11y">상품 수 <!-- -->1<!-- --> 감소</span></button><span class="element-info-item-qty" aria-describedby="itemCard_title_2612842667"><span class="for-a11y">선택된 수량</span> <!-- -->1</span><button aria-describedby="itemCard_title_2612842667" class="sprite__smilefresh--before element-info-qty-plus"><span class="for-a11y">상품 수 <!-- -->1<!-- --> 증가</span></button></div><button type="button" class="sprite__smilefresh--before element-info-cart" aria-describedby="itemCard_title_2612842667"><span class="for-a11y">장바구니 담기</span></button></div><a href="https://item.gmarket.co.kr/Item?goodscode=2612842667" class="link__itemcard-info"><span class="box__itemcard-title-area" id="itemCard_title_2612842667"><span class="text__title" id="item_title">락앤락 튼튼한 빨래건조대</span></span><span class="box__itemcard-price-area"><span class="box__price-seller"><span class="for-a11y">판매가</span><strong class="text__price-seller">43,900</strong><span class="text__unit">원</span></span></span><span class="box__itemcard-info-score"><span class="sprite__smilefresh--before box__score-awards"><span class="for-a11y">평점</span><span class="text text__score">4.7</span><span class="for-a11y">후기</span><span class="text text__num">(64)</span><span class="for-a11y">건</span></span><span class="box__score-buycnt"><span class="text text__buy">구매</span><span class="text text__num">113</span><span class="for-a11y">건</span></span></span><span class="box__itemcard-benefit-tag"><span class="box__tag box__tag-coupon"><span class="sprite__smilefresh--before box__inner">15% 쿠폰</span></span></span></a><button type="button" class="sprite__smilefresh--after button__favorite-item" aria-describedby="itemCard_title_2612842667" aria-pressed="false" aria-label="관심상품 등록하기"></button></div></div></div></div></li><li class="list-item"><div class="box__itemcard-container"><div class="box__itemcard-body"><div class="box__itemcard-inner"><span class="box__thumbnail__label">87</span><a class="link__itemcard" href="https://item.gmarket.co.kr/Item?goodscode=2518506535" tabindex="-1" aria-hidden="true"><span class="box__itemcard-img"><img class="image__itemcard no-js-400?ver=1725087986" src="data:image/gif;base64,R0lGODlhAQABAIAAAP///wAAACH5BAEAAAAALAAAAAABAAEAAAICRAEAOw==" alt="소키찌든때전용비누150g - 상품 이미지"/><noscript><style>.no-js-400?ver=1725087986 { display: none !important; }</style><img class="image__itemcard" src="https://gdimg.gmarket.co.kr/2518506535/still/400?ver=1725087986" alt="소키찌든때전용비누150g - 상품 이미지"/></noscript></span></a><div class="box__itemcard-info"><div class="box__element-info"><div class="element-info-qty"><button aria-describedby="itemCard_title_2518506535" class="sprite__smilefresh--before element-info-qty-minus" aria-disabled="true"><span class="for-a11y">상품 수 <!-- -->1<!-- --> 감소</span></button><span class="element-info-item-qty" aria-describedby="itemCard_title_2518506535"><span class="for-a11y">선택된 수량</span> <!-- -->1</span><button aria-describedby="itemCard_title_2518506535" class="sprite__smilefresh--before element-info-qty-plus"><span class="for-a11y">상품 수 <!-- -->1<!-- --> 증가</span></button></div><button type="button" class="sprite__smilefresh--before element-info-cart" aria-describedby="itemCard_title_2518506535"><span class="for-a11y">장바구니 담기</span></button></div><a href="https://item.gmarket.co.kr/Item?goodscode=2518506535" class="link__itemcard-info"><span class="box__itemcard-title-area" id="itemCard_title_2518506535"><span class="text__brand"><span class="text">무궁화</span></span><span class="text__title" id="item_title">소키찌든때전용비누150g</span></span><span class="box__itemcard-price-area"><span class="box__price-seller"><span class="for-a11y">판매가</span><strong class="text__price-seller">1,300</strong><span class="text__unit">원</span></span></span><span class="box__itemcard-info-score"><span class="sprite__smilefresh--before box__score-awards"><span class="for-a11y">평점</span><span class="text text__score">4.8</span><span class="for-a11y">후기</span><span class="text text__num">(645)</span><span class="for-a11y">건</span></span><span class="box__score-buycnt"><span class="text text__buy">구매</span><span class="text text__num">2,401</span><span class="for-a11y">건</span></span></span><span class="box__itemcard-benefit-tag"><span class="box__tag box__tag-coupon"><span class="sprite__smilefresh--before box__inner">15% 쿠폰</span></span></span></a><button type="button" class="sprite__smilefresh--after button__favorite-item" aria-describedby="itemCard_title_2518506535" aria-pressed="false" aria-label="관심상품 등록하기"></button></div></div></div></div></li><li class="list-item"><div class="box__itemcard-container"><div class="box__itemcard-body"><div class="box__itemcard-inner"><span class="box__thumbnail__label">88</span><a class="link__itemcard" href="https://item.gmarket.co.kr/Item?goodscode=2518790468" tabindex="-1" aria-hidden="true"><span class="box__itemcard-img"><img class="image__itemcard no-js-400?ver=1725092293" src="data:image/gif;base64,R0lGODlhAQABAIAAAP///wAAACH5BAEAAAAALAAAAAABAAEAAAICRAEAOw==" alt="수압상승 샤워헤드/샤워기 - 상품 이미지"/><noscript><style>.no-js-400?ver=1725092293 { display: none !important; }</style><img class="image__itemcard" src="https://gdimg.gmarket.co.kr/2518790468/still/400?ver=1725092293" alt="수압상승 샤워헤드/샤워기 - 상품 이미지"/></noscript></span></a><div class="box__itemcard-info"><div class="box__element-info"><div class="element-info-qty"><button aria-describedby="itemCard_title_2518790468" class="sprite__smilefresh--before element-info-qty-minus" aria-disabled="true"><span class="for-a11y">상품 수 <!-- -->1<!-- --> 감소</span></button><span class="element-info-item-qty" aria-describedby="itemCard_title_2518790468"><span class="for-a11y">선택된 수량</span> <!-- -->1</span><button aria-describedby="itemCard_title_2518790468" class="sprite__smilefresh--before element-info-qty-plus"><span class="for-a11y">상품 수 <!-- -->1<!-- --> 증가</span></button></div><button type="button" class="sprite__smilefresh--before element-info-cart" aria-describedby="itemCard_title_2518790468"><span class="for-a11y">장바구니 담기</span></button></div><a href="https://item.gmarket.co.kr/Item?goodscode=2518790468" class="link__itemcard-info"><span class="box__itemcard-title-area" id="itemCard_title_2518790468"><span class="text__title" id="item_title">수압상승 샤워헤드/샤워기</span></span><span class="box__itemcard-price-area"><span class="box__price-seller"><span class="for-a11y">판매가</span><strong class="text__price-seller">14,500</strong><span class="text__unit">원</span></span></span><span class="box__itemcard-info-score"><span class="sprite__smilefresh--before box__score-awards"><span class="for-a11y">평점</span><span class="text text__score">4.7</span><span class="for-a11y">후기</span><span class="text text__num">(36)</span><span class="for-a11y">건</span></span><span class="box__score-buycnt"><span class="text text__buy">구매</span><span class="text text__num">130</span><span class="for-a11y">건</span></span></span><span class="box__itemcard-benefit-tag"><span class="box__tag box__tag-coupon"><span class="sprite__smilefresh--before box__inner">15% 쿠폰</span></span></span></a><button type="button" class="sprite__smilefresh--after button__favorite-item" aria-describedby="itemCard_title_2518790468" aria-pressed="false" aria-label="관심상품 등록하기"></button></div></div></div></div></li><li class="list-item"><div class="box__itemcard-container"><div class="box__itemcard-body"><div class="box__itemcard-inner"><span class="box__thumbnail__label">89</span><a class="link__itemcard" href="https://item.gmarket.co.kr/Item?goodscode=2518843213" tabindex="-1" aria-hidden="true"><span class="box__itemcard-img"><img class="image__itemcard no-js-400?ver=1725113364" src="data:image/gif;base64,R0lGODlhAQABAIAAAP///wAAACH5BAEAAAAALAAAAAABAAEAAAICRAEAOw==" alt="컴배트 프로 바퀴살충제 주사기형 55G - 상품 이미지"/><noscript><style>.no-js-400?ver=1725113364 { display: none !important; }</style><img class="image__itemcard" src="https://gdimg.gmarket.co.kr/2518843213/still/400?ver=1725113364" alt="컴배트 프로 바퀴살충제 주사기형 55G - 상품 이미지"/></noscript></span></a><div class="box__itemcard-info"><div class="box__element-info"><div class="element-info-qty"><button aria-describedby="itemCard_title_2518843213" class="sprite__smilefresh--before element-info-qty-minus" aria-disabled="true"><span class="for-a11y">상품 수 <!-- -->1<!-- --> 감소</span></button><span class="element-info-item-qty" aria-describedby="itemCard_title_2518843213"><span class="for-a11y">선택된 수량</span> <!-- -->1</span><button aria-describedby="itemCard_title_2518843213" class="sprite__smilefresh--before element-info-qty-plus"><span class="for-a11y">상품 수 <!-- -->1<!-- --> 증가</span></button></div><button type="button" class="sprite__smilefresh--before element-info-cart" aria-describedby="itemCard_title_2518843213"><span class="for-a11y">장바구니 담기</span></button></div><a href="https://item.gmarket.co.kr/Item?goodscode=2518843213" class="link__itemcard-info"><span class="box__itemcard-title-area" id="itemCard_title_2518843213"><span class="text__brand"><span class="text">헨켈</span></span><span class="text__title" id="item_title">컴배트 프로 바퀴살충제 주사기형 55G</span></span><span class="box__itemcard-price-area"><span class="box__price-seller"><span class="for-a11y">판매가</span><strong class="text__price-seller">14,900</strong><span class="text__unit">원</span></span></span><span class="box__itemcard-info-score"><span class="sprite__smilefresh--before box__score-awards"><span class="for-a11y">평점</span><span class="text text__score">4.8</span><span class="for-a11y">후기</span><span class="text text__num">(24)</span><span class="for-a11y">건</span></span><span class="box__score-buycnt"><span class="text text__buy">구매</span><span class="text text__num">41</span><span class="for-a11y">건</span></span></span><span class="box__itemcard-benefit-tag"><span class="box__tag box__tag-coupon"><span class="sprite__smilefresh--before box__inner">15% 쿠폰</span></span></span></a><button type="button" class="sprite__smilefresh--after button__favorite-item" aria-describedby="itemCard_title_2518843213" aria-pressed="false" aria-label="관심상품 등록하기"></button></div></div></div></div></li><li class="list-item"><div class="box__itemcard-container"><div class="box__itemcard-body"><div class="box__itemcard-inner"><span class="box__thumbnail__label">90</span><a class="link__itemcard" href="https://item.gmarket.co.kr/Item?goodscode=2518965723" tabindex="-1" aria-hidden="true"><span class="box__itemcard-img"><img class="image__itemcard no-js-400?ver=1725121838" src="data:image/gif;base64,R0lGODlhAQABAIAAAP///wAAACH5BAEAAAAALAAAAAABAAEAAAICRAEAOw==" alt="암앤해머 냉장고탈취제 75G 부착형 2입 - 상품 이미지"/><noscript><style>.no-js-400?ver=1725121838 { display: none !important; }</style><img class="image__itemcard" src="https://gdimg.gmarket.co.kr/2518965723/still/400?ver=1725121838" alt="암앤해머 냉장고탈취제 75G 부착형 2입 - 상품 이미지"/></noscript></span></a><div class="box__itemcard-info"><div class="box__element-info"><div class="element-info-qty"><button aria-describedby="itemCard_title_2518965723" class="sprite__smilefresh--before element-info-qty-minus" aria-disabled="true"><span class="for-a11y">상품 수 <!-- -->1<!-- --> 감소</span></button><span class="element-info-item-qty" aria-describedby="itemCard_title_2518965723"><span class="for-a11y">선택된 수량</span> <!-- -->1</span><button aria-describedby="itemCard_title_2518965723" class="sprite__smilefresh--before element-info-qty-plus"><span class="for-a11y">상품 수 <!-- -->1<!-- --> 증가</span></button></div><button type="button" class="sprite__smilefresh--before element-info-cart" aria-describedby="itemCard_title_2518965723"><span class="for-a11y">장바구니 담기</span></button></div><a href="https://item.gmarket.co.kr/Item?goodscode=2518965723" class="link__itemcard-info"><span class="box__itemcard-title-area" id="itemCard_title_2518965723"><span class="text__brand"><span class="text">암앤해머</span></span><span class="text__title" id="item_title">암앤해머 냉장고탈취제 75G 부착형 2입</span></span><span class="box__itemcard-price-area"><span class="box__price-seller"><span class="for-a11y">판매가</span><strong class="text__price-seller">11,900</strong><span class="text__unit">원</span></span></span><span class="box__itemcard-info-score"><span class="sprite__smilefresh--before box__score-awards"><span class="for-a11y">평점</span><span class="text text__score">4.6</span><span class="for-a11y">후기</span><span class="text text__num">(23)</span><span class="for-a11y">건</span></span><span class="box__score-buycnt"><span class="text text__buy">구매</span><span class="text text__num">81</span><span class="for-a11y">건</span></span></span><span class="box__itemcard-benefit-tag"><span class="box__tag box__tag-coupon"><span class="sprite__smilefresh--before box__inner">15% 쿠폰</span></span></span></a><button type="button" class="sprite__smilefresh--after button__favorite-item" aria-describedby="itemCard_title_2518965723" aria-pressed="false" aria-label="관심상품 등록하기"></button></div></div></div></div></li><li class="list-item"><div class="box__itemcard-container"><div class="box__itemcard-body"><div class="box__itemcard-inner"><span class="box__thumbnail__label">91</span><a class="link__itemcard" href="https://item.gmarket.co.kr/Item?goodscode=2519020112" tabindex="-1" aria-hidden="true"><span class="box__itemcard-img"><img class="image__itemcard no-js-400?ver=1725115319" src="data:image/gif;base64,R0lGODlhAQABAIAAAP///wAAACH5BAEAAAAALAAAAAABAAEAAAICRAEAOw==" alt="아우라 섬유유연제 2L(홀리데이 판타지) - 상품 이미지"/><noscript><style>.no-js-400?ver=1725115319 { display: none !important; }</style><img class="image__itemcard" src="https://gdimg.gmarket.co.kr/2519020112/still/400?ver=1725115319" alt="아우라 섬유유연제 2L(홀리데이 판타지) - 상품 이미지"/></noscript></span></a><div class="box__itemcard-info"><div class="box__element-info"><div class="element-info-qty"><button aria-describedby="itemCard_title_2519020112" class="sprite__smilefresh--before element-info-qty-minus" aria-disabled="true"><span class="for-a11y">상품 수 <!-- -->1<!-- --> 감소</span></button><span class="element-info-item-qty" aria-describedby="itemCard_title_2519020112"><span class="for-a11y">선택된 수량</span> <!-- -->1</span><button aria-describedby="itemCard_title_2519020112" class="sprite__smilefresh--before element-info-qty-plus"><span class="for-a11y">상품 수 <!-- -->1<!-- --> 증가</span></button></div><button type="button" class="sprite__smilefresh--before element-info-cart" aria-describedby="itemCard_title_2519020112"><span class="for-a11y">장바구니 담기</span></button></div><a href="https://item.gmarket.co.kr/Item?goodscode=2519020112" class="link__itemcard-info"><span class="box__itemcard-title-area" id="itemCard_title_2519020112"><span class="text__brand"><span class="text">샤프란</span></span><span class="text__title" id="item_title">아우라 섬유유연제 2L(홀리데이 판타지)</span></span><span class="box__itemcard-price-area"><span class="box__price-seller"><span class="for-a11y">판매가</span><strong class="text__price-seller">14,900</strong><span class="text__unit">원</span></span><span class="box__prime-cost"><span class="for-a11y">원가</span><span class="text__unit-cost">(<!-- -->100mL당 745원<!-- -->)</span></span></span><span class="box__itemcard-info-score"><span class="sprite__smilefresh--before box__score-awards"><span class="for-a11y">평점</span><span class="text text__score">4.9</span><span class="for-a11y">후기</span><span class="text text__num">(67)</span><span class="for-a11y">건</span></span><span class="box__score-buycnt"><span class="text text__buy">구매</span><span class="text text__num">509</span><span class="for-a11y">건</span></span></span><span class="box__itemcard-benefit-tag"><span class="box__tag box__tag-coupon"><span class="sprite__smilefresh--before box__inner">15% 쿠폰</span></span></span></a><button type="button" class="sprite__smilefresh--after button__favorite-item" aria-describedby="itemCard_title_2519020112" aria-pressed="false" aria-label="관심상품 등록하기"></button></div></div></div></div></li><li class="list-item"><div class="box__itemcard-container"><div class="box__itemcard-body"><div class="box__itemcard-inner"><span class="box__thumbnail__label">92</span><a class="link__itemcard" href="https://item.gmarket.co.kr/Item?goodscode=2522405786" tabindex="-1" aria-hidden="true"><span class="box__itemcard-img"><img class="image__itemcard no-js-400?ver=1725101707" src="data:image/gif;base64,R0lGODlhAQABAIAAAP///wAAACH5BAEAAAAALAAAAAABAAEAAAICRAEAOw==" alt="해피홈 좀벌레아웃 서랍장용 30개입 - 상품 이미지"/><noscript><style>.no-js-400?ver=1725101707 { display: none !important; }</style><img class="image__itemcard" src="https://gdimg.gmarket.co.kr/2522405786/still/400?ver=1725101707" alt="해피홈 좀벌레아웃 서랍장용 30개입 - 상품 이미지"/></noscript></span></a><div class="box__itemcard-info"><div class="box__element-info"><div class="element-info-qty"><button aria-describedby="itemCard_title_2522405786" class="sprite__smilefresh--before element-info-qty-minus" aria-disabled="true"><span class="for-a11y">상품 수 <!-- -->1<!-- --> 감소</span></button><span class="element-info-item-qty" aria-describedby="itemCard_title_2522405786"><span class="for-a11y">선택된 수량</span> <!-- -->1</span><button aria-describedby="itemCard_title_2522405786" class="sprite__smilefresh--before element-info-qty-plus"><span class="for-a11y">상품 수 <!-- -->1<!-- --> 증가</span></button></div><button type="button" class="sprite__smilefresh--before element-info-cart" aria-describedby="itemCard_title_2522405786"><span class="for-a11y">장바구니 담기</span></button></div><a href="https://item.gmarket.co.kr/Item?goodscode=2522405786" class="link__itemcard-info"><span class="box__itemcard-title-area" id="itemCard_title_2522405786"><span class="text__brand"><span class="text">유한양행</span></span><span class="text__title" id="item_title">해피홈 좀벌레아웃 서랍장용 30개입</span></span><span class="box__itemcard-price-area"><span class="box__price-seller"><span class="for-a11y">판매가</span><strong class="text__price-seller">10,900</strong><span class="text__unit">원</span></span></span><span class="box__itemcard-info-score"><span class="sprite__smilefresh--before box__score-awards"><span class="for-a11y">평점</span><span class="text text__score">4.7</span><span class="for-a11y">후기</span><span class="text text__num">(79)</span><span class="for-a11y">건</span></span><span class="box__score-buycnt"><span class="text text__buy">구매</span><span class="text text__num">282</span><span class="for-a11y">건</span></span></span><span class="box__itemcard-benefit-tag"><span class="box__tag box__tag-coupon"><span class="sprite__smilefresh--before box__inner">15% 쿠폰</span></span></span></a><button type="button" class="sprite__smilefresh--after button__favorite-item" aria-describedby="itemCard_title_2522405786" aria-pressed="false" aria-label="관심상품 등록하기"></button></div></div></div></div></li><li class="list-item"><div class="box__itemcard-container"><div class="box__itemcard-body"><div class="box__itemcard-inner"><span class="box__thumbnail__label">93</span><a class="link__itemcard" href="https://item.gmarket.co.kr/Item?goodscode=2522525531" tabindex="-1" aria-hidden="true"><span class="box__itemcard-img"><img class="image__itemcard no-js-400?ver=1725102574" src="data:image/gif;base64,R0lGODlhAQABAIAAAP///wAAACH5BAEAAAAALAAAAAABAAEAAAICRAEAOw==" alt="셀클리너 하수트랩 - 상품 이미지"/><noscript><style>.no-js-400?ver=1725102574 { display: none !important; }</style><img class="image__itemcard" src="https://gdimg.gmarket.co.kr/2522525531/still/400?ver=1725102574" alt="셀클리너 하수트랩 - 상품 이미지"/></noscript></span></a><div class="box__itemcard-info"><div class="box__element-info"><div class="element-info-qty"><button aria-describedby="itemCard_title_2522525531" class="sprite__smilefresh--before element-info-qty-minus" aria-disabled="true"><span class="for-a11y">상품 수 <!-- -->1<!-- --> 감소</span></button><span class="element-info-item-qty" aria-describedby="itemCard_title_2522525531"><span class="for-a11y">선택된 수량</span> <!-- -->1</span><button aria-describedby="itemCard_title_2522525531" class="sprite__smilefresh--before element-info-qty-plus"><span class="for-a11y">상품 수 <!-- -->1<!-- --> 증가</span></button></div><button type="button" class="sprite__smilefresh--before element-info-cart" aria-describedby="itemCard_title_2522525531"><span class="for-a11y">장바구니 담기</span></button></div><a href="https://item.gmarket.co.kr/Item?goodscode=2522525531" class="link__itemcard-info"><span class="box__itemcard-title-area" id="itemCard_title_2522525531"><span class="text__title" id="item_title">셀클리너 하수트랩</span></span><span class="box__itemcard-price-area"><span class="box__price-seller"><span class="for-a11y">판매가</span><strong class="text__price-seller">14,900</strong><span class="text__unit">원</span></span></span><span class="box__itemcard-info-score"><span class="sprite__smilefresh--before box__score-awards"><span class="for-a11y">평점</span><span class="text text__score">4.7</span><span class="for-a11y">후기</span><span class="text text__num">(12)</span><span class="for-a11y">건</span></span><span class="box__score-buycnt"><span class="text text__buy">구매</span><span class="text text__num">36</span><span class="for-a11y">건</span></span></span><span class="box__itemcard-benefit-tag"><span class="box__tag box__tag-coupon"><span class="sprite__smilefresh--before box__inner">15% 쿠폰</span></span></span></a><button type="button" class="sprite__smilefresh--after button__favorite-item" aria-describedby="itemCard_title_2522525531" aria-pressed="false" aria-label="관심상품 등록하기"></button></div></div></div></div></li><li class="list-item"><div class="box__itemcard-container"><div class="box__itemcard-body"><div class="box__itemcard-inner"><span class="box__thumbnail__label">94</span><a class="link__itemcard" href="https://item.gmarket.co.kr/Item?goodscode=2523622155" tabindex="-1" aria-hidden="true"><span class="box__itemcard-img"><img class="image__itemcard no-js-400?ver=1725103008" src="data:image/gif;base64,R0lGODlhAQABAIAAAP///wAAACH5BAEAAAAALAAAAAABAAEAAAICRAEAOw==" alt="프로쉬 세탁세제 1.5L(알로에베라) - 상품 이미지"/><noscript><style>.no-js-400?ver=1725103008 { display: none !important; }</style><img class="image__itemcard" src="https://gdimg.gmarket.co.kr/2523622155/still/400?ver=1725103008" alt="프로쉬 세탁세제 1.5L(알로에베라) - 상품 이미지"/></noscript></span></a><div class="box__itemcard-info"><div class="box__element-info"><div class="element-info-qty"><button aria-describedby="itemCard_title_2523622155" class="sprite__smilefresh--before element-info-qty-minus" aria-disabled="true"><span class="for-a11y">상품 수 <!-- -->1<!-- --> 감소</span></button><span class="element-info-item-qty" aria-describedby="itemCard_title_2523622155"><span class="for-a11y">선택된 수량</span> <!-- -->1</span><button aria-describedby="itemCard_title_2523622155" class="sprite__smilefresh--before element-info-qty-plus"><span class="for-a11y">상품 수 <!-- -->1<!-- --> 증가</span></button></div><button type="button" class="sprite__smilefresh--before element-info-cart" aria-describedby="itemCard_title_2523622155"><span class="for-a11y">장바구니 담기</span></button></div><a href="https://item.gmarket.co.kr/Item?goodscode=2523622155" class="link__itemcard-info"><span class="box__itemcard-title-area" id="itemCard_title_2523622155"><span class="text__brand"><span class="text">프로쉬</span></span><span class="text__title" id="item_title">프로쉬 세탁세제 1.5L(알로에베라)</span></span><span class="box__itemcard-price-area"><span class="box__price-seller"><span class="for-a11y">판매가</span><strong class="text__price-seller">16,500</strong><span class="text__unit">원</span></span><span class="box__prime-cost"><span class="for-a11y">원가</span><span class="text__unit-cost">(<!-- -->100mL당 1,100원<!-- -->)</span></span></span><span class="box__itemcard-info-score"><span class="sprite__smilefresh--before box__score-awards"><span class="for-a11y">평점</span><span class="text text__score">4.9</span><span class="for-a11y">후기</span><span class="text text__num">(112)</span><span class="for-a11y">건</span></span><span class="box__score-buycnt"><span class="text text__buy">구매</span><span class="text text__num">530</span><span class="for-a11y">건</span></span></span><span class="box__itemcard-benefit-tag"><span class="box__tag box__tag-coupon"><span class="sprite__smilefresh--before box__inner">15% 쿠폰</span></span></span></a><button type="button" class="sprite__smilefresh--after button__favorite-item" aria-describedby="itemCard_title_2523622155" aria-pressed="false" aria-label="관심상품 등록하기"></button></div></div></div></div></li><li class="list-item"><div class="box__itemcard-container"><div class="box__itemcard-body"><div class="box__itemcard-inner"><span class="box__thumbnail__label">95</span><a class="link__itemcard" href="https://item.gmarket.co.kr/Item?goodscode=4069784355" tabindex="-1" aria-hidden="true"><span class="box__itemcard-img"><img class="image__itemcard no-js-400?ver=1724027425" src="data:image/gif;base64,R0lGODlhAQABAIAAAP///wAAACH5BAEAAAAALAAAAAABAAEAAAICRAEAOw==" alt="스토빈 레일3단서랍장 우드탑 - 상품 이미지"/><noscript><style>.no-js-400?ver=1724027425 { display: none !important; }</style><img class="image__itemcard" src="https://gdimg.gmarket.co.kr/4069784355/still/400?ver=1724027425" alt="스토빈 레일3단서랍장 우드탑 - 상품 이미지"/></noscript></span></a><div class="box__itemcard-info"><div class="box__element-info"><div class="element-info-qty"><button aria-describedby="itemCard_title_4069784355" class="sprite__smilefresh--before element-info-qty-minus" aria-disabled="true"><span class="for-a11y">상품 수 <!-- -->1<!-- --> 감소</span></button><span class="element-info-item-qty" aria-describedby="itemCard_title_4069784355"><span class="for-a11y">선택된 수량</span> <!-- -->1</span><button aria-describedby="itemCard_title_4069784355" class="sprite__smilefresh--before element-info-qty-plus"><span class="for-a11y">상품 수 <!-- -->1<!-- --> 증가</span></button></div><button type="button" class="sprite__smilefresh--before element-info-cart" aria-describedby="itemCard_title_4069784355"><span class="for-a11y">장바구니 담기</span></button></div><a href="https://item.gmarket.co.kr/Item?goodscode=4069784355" class="link__itemcard-info"><span class="box__itemcard-title-area" id="itemCard_title_4069784355"><span class="text__title" id="item_title">스토빈 레일3단서랍장 우드탑</span></span><span class="box__itemcard-price-area"><span class="box__price-seller"><span class="for-a11y">판매가</span><strong class="text__price-seller">29,900</strong><span class="text__unit">원</span></span></span><span class="box__itemcard-info-score"><span class="box__score-buycnt"><span class="text text__buy">구매</span><span class="text text__num">3</span><span class="for-a11y">건</span></span></span><span class="box__itemcard-benefit-tag"><span class="box__tag box__tag-coupon"><span class="sprite__smilefresh--before box__inner">15% 쿠폰</span></span></span></a><button type="button" class="sprite__smilefresh--after button__favorite-item" aria-describedby="itemCard_title_4069784355" aria-pressed="false" aria-label="관심상품 등록하기"></button></div></div></div></div></li><li class="list-item"><div class="box__itemcard-container"><div class="box__itemcard-body"><div class="box__itemcard-inner"><span class="box__thumbnail__label">96</span><a class="link__itemcard" href="https://item.gmarket.co.kr/Item?goodscode=2518406254" tabindex="-1" aria-hidden="true"><span class="box__itemcard-img"><img class="image__itemcard no-js-400?ver=1725092688" src="data:image/gif;base64,R0lGODlhAQABAIAAAP///wAAACH5BAEAAAAALAAAAAABAAEAAAICRAEAOw==" alt="페브리즈 섬유탈취제 리필 320mL(은은한향) - 상품 이미지"/><noscript><style>.no-js-400?ver=1725092688 { display: none !important; }</style><img class="image__itemcard" src="https://gdimg.gmarket.co.kr/2518406254/still/400?ver=1725092688" alt="페브리즈 섬유탈취제 리필 320mL(은은한향) - 상품 이미지"/></noscript></span></a><div class="box__itemcard-info"><div class="box__element-info"><div class="element-info-qty"><button aria-describedby="itemCard_title_2518406254" class="sprite__smilefresh--before element-info-qty-minus" aria-disabled="true"><span class="for-a11y">상품 수 <!-- -->1<!-- --> 감소</span></button><span class="element-info-item-qty" aria-describedby="itemCard_title_2518406254"><span class="for-a11y">선택된 수량</span> <!-- -->1</span><button aria-describedby="itemCard_title_2518406254" class="sprite__smilefresh--before element-info-qty-plus"><span class="for-a11y">상품 수 <!-- -->1<!-- --> 증가</span></button></div><button type="button" class="sprite__smilefresh--before element-info-cart" aria-describedby="itemCard_title_2518406254"><span class="for-a11y">장바구니 담기</span></button></div><a href="https://item.gmarket.co.kr/Item?goodscode=2518406254" class="link__itemcard-info"><span class="box__itemcard-title-area" id="itemCard_title_2518406254"><span class="text__brand"><span class="text">페브리즈</span></span><span class="text__title" id="item_title">페브리즈 섬유탈취제 리필 320mL(은은한향)</span></span><span class="box__itemcard-price-area"><span class="box__price-seller"><span class="for-a11y">판매가</span><strong class="text__price-seller">5,900</strong><span class="text__unit">원</span></span></span><span class="box__itemcard-info-score"><span class="sprite__smilefresh--before box__score-awards"><span class="for-a11y">평점</span><span class="text text__score">4.8</span><span class="for-a11y">후기</span><span class="text text__num">(54)</span><span class="for-a11y">건</span></span><span class="box__score-buycnt"><span class="text text__buy">구매</span><span class="text text__num">393</span><span class="for-a11y">건</span></span></span><span class="box__itemcard-benefit-tag"><span class="box__tag box__tag-coupon"><span class="sprite__smilefresh--before box__inner">15% 쿠폰</span></span></span></a><button type="button" class="sprite__smilefresh--after button__favorite-item" aria-describedby="itemCard_title_2518406254" aria-pressed="false" aria-label="관심상품 등록하기"></button></div></div></div></div></li><li class="list-item"><div class="box__itemcard-container"><div class="box__itemcard-body"><div class="box__itemcard-inner"><span class="box__thumbnail__label">97</span><a class="link__itemcard" href="https://item.gmarket.co.kr/Item?goodscode=2518551339" tabindex="-1" aria-hidden="true"><span class="box__itemcard-img"><img class="image__itemcard no-js-400?ver=1725091975" src="data:image/gif;base64,R0lGODlhAQABAIAAAP///wAAACH5BAEAAAAALAAAAAABAAEAAAICRAEAOw==" alt="슈가버블 마일드 그레인 주방세제 기획 940mL2 - 상품 이미지"/><noscript><style>.no-js-400?ver=1725091975 { display: none !important; }</style><img class="image__itemcard" src="https://gdimg.gmarket.co.kr/2518551339/still/400?ver=1725091975" alt="슈가버블 마일드 그레인 주방세제 기획 940mL2 - 상품 이미지"/></noscript></span></a><div class="box__itemcard-info"><div class="box__element-info"><div class="element-info-qty"><button aria-describedby="itemCard_title_2518551339" class="sprite__smilefresh--before element-info-qty-minus" aria-disabled="true"><span class="for-a11y">상품 수 <!-- -->1<!-- --> 감소</span></button><span class="element-info-item-qty" aria-describedby="itemCard_title_2518551339"><span class="for-a11y">선택된 수량</span> <!-- -->1</span><button aria-describedby="itemCard_title_2518551339" class="sprite__smilefresh--before element-info-qty-plus"><span class="for-a11y">상품 수 <!-- -->1<!-- --> 증가</span></button></div><button type="button" class="sprite__smilefresh--before element-info-cart" aria-describedby="itemCard_title_2518551339"><span class="for-a11y">장바구니 담기</span></button></div><a href="https://item.gmarket.co.kr/Item?goodscode=2518551339" class="link__itemcard-info"><span class="box__itemcard-title-area" id="itemCard_title_2518551339"><span class="text__brand"><span class="text">슈가버블</span></span><span class="text__title" id="item_title">슈가버블 마일드 그레인 주방세제 기획 940mL2</span></span><span class="box__itemcard-price-area"><span class="box__price-seller"><span class="for-a11y">판매가</span><strong class="text__price-seller">8,900</strong><span class="text__unit">원</span></span></span><span class="box__itemcard-info-score"><span class="sprite__smilefresh--before box__score-awards"><span class="for-a11y">평점</span><span class="text text__score">4.7</span><span class="for-a11y">후기</span><span class="text text__num">(381)</span><span class="for-a11y">건</span></span><span class="box__score-buycnt"><span class="text text__buy">구매</span><span class="text text__num">1,359</span><span class="for-a11y">건</span></span></span><span class="box__itemcard-benefit-tag"><span class="box__tag box__tag-coupon"><span class="sprite__smilefresh--before box__inner">15% 쿠폰</span></span></span></a><button type="button" class="sprite__smilefresh--after button__favorite-item" aria-describedby="itemCard_title_2518551339" aria-pressed="false" aria-label="관심상품 등록하기"></button></div></div></div></div></li><li class="list-item"><div class="box__itemcard-container"><div class="box__itemcard-body"><div class="box__itemcard-inner"><span class="box__thumbnail__label">98</span><a class="link__itemcard" href="https://item.gmarket.co.kr/Item?goodscode=2518693935" tabindex="-1" aria-hidden="true"><span class="box__itemcard-img"><img class="image__itemcard no-js-400?ver=1725100811" src="data:image/gif;base64,R0lGODlhAQABAIAAAP///wAAACH5BAEAAAAALAAAAAABAAEAAAICRAEAOw==" alt="페브리즈 섬유탈취제 370mL(은은한향) - 상품 이미지"/><noscript><style>.no-js-400?ver=1725100811 { display: none !important; }</style><img class="image__itemcard" src="https://gdimg.gmarket.co.kr/2518693935/still/400?ver=1725100811" alt="페브리즈 섬유탈취제 370mL(은은한향) - 상품 이미지"/></noscript></span></a><div class="box__itemcard-info"><div class="box__element-info"><div class="element-info-qty"><button aria-describedby="itemCard_title_2518693935" class="sprite__smilefresh--before element-info-qty-minus" aria-disabled="true"><span class="for-a11y">상품 수 <!-- -->1<!-- --> 감소</span></button><span class="element-info-item-qty" aria-describedby="itemCard_title_2518693935"><span class="for-a11y">선택된 수량</span> <!-- -->1</span><button aria-describedby="itemCard_title_2518693935" class="sprite__smilefresh--before element-info-qty-plus"><span class="for-a11y">상품 수 <!-- -->1<!-- --> 증가</span></button></div><button type="button" class="sprite__smilefresh--before element-info-cart" aria-describedby="itemCard_title_2518693935"><span class="for-a11y">장바구니 담기</span></button></div><a href="https://item.gmarket.co.kr/Item?goodscode=2518693935" class="link__itemcard-info"><span class="box__itemcard-title-area" id="itemCard_title_2518693935"><span class="text__brand"><span class="text">페브리즈</span></span><span class="text__title" id="item_title">페브리즈 섬유탈취제 370mL(은은한향)</span></span><span class="box__itemcard-price-area"><span class="box__price-seller"><span class="for-a11y">판매가</span><strong class="text__price-seller">4,830</strong><span class="text__unit">원</span></span><span class="box__prime-cost"><span class="for-a11y">원가</span><strong class="text__dc-rate">30<!-- -->%</strong><span class="text__prime-cost">6,900<span class="text__unit">원</span></span></span></span><span class="box__itemcard-info-score"><span class="sprite__smilefresh--before box__score-awards"><span class="for-a11y">평점</span><span class="text text__score">4.7</span><span class="for-a11y">후기</span><span class="text text__num">(63)</span><span class="for-a11y">건</span></span><span class="box__score-buycnt"><span class="text text__buy">구매</span><span class="text text__num">296</span><span class="for-a11y">건</span></span></span><span class="box__itemcard-benefit-tag"><span class="box__tag box__tag-coupon"><span class="sprite__smilefresh--before box__inner">15% 쿠폰</span></span></span></a><button type="button" class="sprite__smilefresh--after button__favorite-item" aria-describedby="itemCard_title_2518693935" aria-pressed="false" aria-label="관심상품 등록하기"></button></div></div></div></div></li><li class="list-item"><div class="box__itemcard-container"><div class="box__itemcard-body"><div class="box__itemcard-inner"><span class="box__thumbnail__label">99</span><a class="link__itemcard" href="https://item.gmarket.co.kr/Item?goodscode=2518944978" tabindex="-1" aria-hidden="true"><span class="box__itemcard-img"><img class="image__itemcard no-js-400?ver=1725113009" src="data:image/gif;base64,R0lGODlhAQABAIAAAP///wAAACH5BAEAAAAALAAAAAABAAEAAAICRAEAOw==" alt="프릴 그린파워 주방세제 1L(알로에베라) - 상품 이미지"/><noscript><style>.no-js-400?ver=1725113009 { display: none !important; }</style><img class="image__itemcard" src="https://gdimg.gmarket.co.kr/2518944978/still/400?ver=1725113009" alt="프릴 그린파워 주방세제 1L(알로에베라) - 상품 이미지"/></noscript></span></a><div class="box__itemcard-info"><div class="box__element-info"><div class="element-info-qty"><button aria-describedby="itemCard_title_2518944978" class="sprite__smilefresh--before element-info-qty-minus" aria-disabled="true"><span class="for-a11y">상품 수 <!-- -->1<!-- --> 감소</span></button><span class="element-info-item-qty" aria-describedby="itemCard_title_2518944978"><span class="for-a11y">선택된 수량</span> <!-- -->1</span><button aria-describedby="itemCard_title_2518944978" class="sprite__smilefresh--before element-info-qty-plus"><span class="for-a11y">상품 수 <!-- -->1<!-- --> 증가</span></button></div><button type="button" class="sprite__smilefresh--before element-info-cart" aria-describedby="itemCard_title_2518944978"><span class="for-a11y">장바구니 담기</span></button></div><a href="https://item.gmarket.co.kr/Item?goodscode=2518944978" class="link__itemcard-info"><span class="box__itemcard-title-area" id="itemCard_title_2518944978"><span class="text__brand"><span class="text">프릴</span></span><span class="text__title" id="item_title">프릴 그린파워 주방세제 1L(알로에베라)</span></span><span class="box__itemcard-price-area"><span class="box__price-seller"><span class="for-a11y">판매가</span><strong class="text__price-seller">6,900</strong><span class="text__unit">원</span></span><span class="box__prime-cost"><span class="for-a11y">원가</span><span class="text__unit-cost">(<!-- -->100mL당 690원<!-- -->)</span></span></span><span class="box__itemcard-info-score"><span class="sprite__smilefresh--before box__score-awards"><span class="for-a11y">평점</span><span class="text text__score">4.8</span><span class="for-a11y">후기</span><span class="text text__num">(77)</span><span class="for-a11y">건</span></span><span class="box__score-buycnt"><span class="text text__buy">구매</span><span class="text text__num">493</span><span class="for-a11y">건</span></span></span><span class="box__itemcard-benefit-tag"><span class="box__tag box__tag-coupon"><span class="sprite__smilefresh--before box__inner">15% 쿠폰</span></span></span></a><button type="button" class="sprite__smilefresh--after button__favorite-item" aria-describedby="itemCard_title_2518944978" aria-pressed="false" aria-label="관심상품 등록하기"></button></div></div></div></div></li><li class="list-item"><div class="box__itemcard-container"><div class="box__itemcard-body"><div class="box__itemcard-inner"><span class="box__thumbnail__label">100</span><a class="link__itemcard" href="https://item.gmarket.co.kr/Item?goodscode=2519461129" tabindex="-1" aria-hidden="true"><span class="box__itemcard-img"><img class="image__itemcard no-js-400?ver=1725100404" src="data:image/gif;base64,R0lGODlhAQABAIAAAP///wAAACH5BAEAAAAALAAAAAABAAEAAAICRAEAOw==" alt="모이스트케어 클래식 8P - 상품 이미지"/><noscript><style>.no-js-400?ver=1725100404 { display: none !important; }</style><img class="image__itemcard" src="https://gdimg.gmarket.co.kr/2519461129/still/400?ver=1725100404" alt="모이스트케어 클래식 8P - 상품 이미지"/></noscript></span></a><div class="box__itemcard-info"><div class="box__element-info"><div class="element-info-qty"><button aria-describedby="itemCard_title_2519461129" class="sprite__smilefresh--before element-info-qty-minus" aria-disabled="true"><span class="for-a11y">상품 수 <!-- -->1<!-- --> 감소</span></button><span class="element-info-item-qty" aria-describedby="itemCard_title_2519461129"><span class="for-a11y">선택된 수량</span> <!-- -->1</span><button aria-describedby="itemCard_title_2519461129" class="sprite__smilefresh--before element-info-qty-plus"><span class="for-a11y">상품 수 <!-- -->1<!-- --> 증가</span></button></div><button type="button" class="sprite__smilefresh--before element-info-cart" aria-describedby="itemCard_title_2519461129"><span class="for-a11y">장바구니 담기</span></button></div><a href="https://item.gmarket.co.kr/Item?goodscode=2519461129" class="link__itemcard-info"><span class="box__itemcard-title-area" id="itemCard_title_2519461129"><span class="text__brand"><span class="text">크린하우스</span></span><span class="text__title" id="item_title">모이스트케어 클래식 8P</span></span><span class="box__itemcard-price-area"><span class="box__price-seller"><span class="for-a11y">판매가</span><strong class="text__price-seller">6,900</strong><span class="text__unit">원</span></span></span><span class="box__itemcard-info-score"><span class="sprite__smilefresh--before box__score-awards"><span class="for-a11y">평점</span><span class="text text__score">4.7</span><span class="for-a11y">후기</span><span class="text text__num">(150)</span><span class="for-a11y">건</span></span><span class="box__score-buycnt"><span class="text text__buy">구매</span><span class="text text__num">344</span><span class="for-a11y">건</span></span></span><span class="box__itemcard-benefit-tag"><span class="box__tag box__tag-coupon"><span class="sprite__smilefresh--before box__inner">15% 쿠폰</span></span></span></a><button type="button" class="sprite__smilefresh--after button__favorite-item" aria-describedby="itemCard_title_2519461129" aria-pressed="false" aria-label="관심상품 등록하기"></button></div></div></div></div></li></ul></div></div></div></div></div><div style="min-height:455px"></div><script src="https://script.gmarket.co.kr/mobile/js/common/kr/util/viewability.js"></script><script src="https://script.gmarket.co.kr/js/common/ats_gmkt.js"></script><script src="https://script.gmarket.co.kr/fnp/desktop-layout.js"></script></div><script id="__NEXT_DATA__" type="application/json">{"props":{"pageProps":{"serverData":{"user":{"isSmileClub":false,"hashedCguid":"MuRNNYHW7OuOgugtwPK0Jz7HajIwK5FDq7zFzNnlMPY="},"itemPage":{"error":false,"searchFilter":{"sortOrderby":0,"userAddressInfo":{"address":"로그인을 진행해 주세요","addressExposeType":"LoginRequired","nonDeliveryArea":false},"smileFreshDeliveryGuide":{"deliveryStoreType":"NoneDelivery"},"categories":[{"categoryNo":"100000000","categoryName":"정육/계란","categoryImageUrl":"https://image.gmarket.co.kr/hanbando/202209/2f7e5c38-9606-4f1a-912e-f969e22f430f.jpg","subCategories":[],"isNew":false},{"categoryNo":"100001005","categoryName":"과일","categoryImageUrl":"https://image.gmarket.co.kr/hanbando/202207/efc9fa9b-b4d8-4eb4-b44d-dc8a47a8c00a.jpg","subCategories":[],"isNew":false},{"categoryNo":"100001006","categoryName":"냉동/간편식","categoryImageUrl":"https://image.gmarket.co.kr/hanbando/202207/287cdcc7-47f4-4949-8cdf-2bfb4ff5522e.jpg","subCategories":[],"isNew":false},{"categoryNo":"100001007","categoryName":"쌀/잡곡","categoryImageUrl":"https://image.gmarket.co.kr/hanbando/202207/92c7e264-61a8-4e11-ab2b-d3ad8a7b3ab6.jpg","subCategories":[],"isNew":false},{"categoryNo":"100001008","categoryName":"채소/두부","categoryImageUrl":"https://image.gmarket.co.kr/hanbando/202209/eb8b0652-724b-465a-800a-49436a3f5435.jpg","subCategories":[],"isNew":false},{"categoryNo":"100001010","categoryName":"라면/즉석식품","categoryImageUrl":"https://image.gmarket.co.kr/hanbando/202207/9ac23369-57e8-4299-889a-4f5360cd3c28.jpg","subCategories":[],"isNew":false},{"categoryNo":"100001032","categoryName":"생수/음료","categoryImageUrl":"https://image.gmarket.co.kr/hanbando/202207/a28bdf02-b436-4466-88de-d8f11ca54296.jpg","subCategories":[],"isNew":false},{"categoryNo":"100001033","categoryName":"과자/아이스크림","categoryImageUrl":"https://image.gmarket.co.kr/hanbando/202207/fd43d2b2-4f77-4e2c-b5da-58d24b91d95b.jpg","subCategories":[],"isNew":false},{"categoryNo":"100001034","categoryName":"우유/유제품","categoryImageUrl":"https://image.gmarket.co.kr/hanbando/202207/f5f1f7ed-e6a5-4ecd-ac66-aa87756158c2.jpg","subCategories":[],"isNew":false},{"categoryNo":"100001035","categoryName":"장류/양념","categoryImageUrl":"https://image.gmarket.co.kr/hanbando/202207/089a0e40-92de-4a0e-a8cb-2a18f78c5691.jpg","subCategories":[],"isNew":false},{"categoryNo":"100001036","categoryName":"화장지/위생","categoryImageUrl":"https://image.gmarket.co.kr/hanbando/202207/a5b62bcd-46b5-4059-bb1b-e01878b77ef4.jpg","subCategories":[],"isNew":false},{"categoryNo":"100001037","categoryName":"커피/차","categoryImageUrl":"https://image.gmarket.co.kr/hanbando/202207/c5b6a09a-4955-4829-94d6-c62f818f2f34.jpg","subCategories":[],"isNew":false},{"categoryNo":"100001038","categoryName":"수산물","categoryImageUrl":"https://image.gmarket.co.kr/hanbando/202207/23143aa7-715d-4778-8b1e-ab87422a8d3a.jpg","subCategories":[],"isNew":false},{"categoryNo":"100001039","categoryName":"밀키트/반찬","categoryImageUrl":"https://image.gmarket.co.kr/hanbando/202207/85d41348-f077-4b90-b0ff-3599d16216b2.jpg","subCategories":[],"isNew":false},{"categoryNo":"100002000","categoryName":"베이커리/잼","categoryImageUrl":"https://image.gmarket.co.kr/hanbando/202208/ea1ecb73-6a2c-45f7-8a89-2e130b634a99.jpg","subCategories":[],"isNew":false},{"categoryNo":"100002001","categoryName":"건강식품","categoryImageUrl":"https://image.gmarket.co.kr/hanbando/202208/7088de74-301b-48ef-911c-f33ed6a22f9b.jpg","subCategories":[],"isNew":false},{"categoryNo":"100002002","categoryName":"세탁/청소/욕실용품","categoryImageUrl":"https://image.gmarket.co.kr/hanbando/202208/39888525-4f61-453f-865c-83b6ca536b58.jpg","subCategories":[],"isNew":false},{"categoryNo":"100002003","categoryName":"리빙","categoryImageUrl":"https://image.gmarket.co.kr/hanbando/202208/a9484e1d-492e-4ab4-84db-1a387177dcbf.jpg","subCategories":[],"isNew":false},{"categoryNo":"100002004","categoryName":"주방/일회용품","categoryImageUrl":"https://image.gmarket.co.kr/hanbando/202208/e0d7614a-763e-4d90-b696-b20c76e890ca.jpg","subCategories":[],"isNew":false},{"categoryNo":"100002005","categoryName":"생활잡화/공구","categoryImageUrl":"https://image.gmarket.co.kr/hanbando/202208/231a3b36-5d05-467d-a33a-8651b9cf19c6.jpg","subCategories":[],"isNew":false},{"categoryNo":"100002006","categoryName":"반려동물","categoryImageUrl":"https://image.gmarket.co.kr/hanbando/202208/692a0b18-2063-4f86-a0af-3f7bbee09696.jpg","subCategories":[],"isNew":false},{"categoryNo":"100002007","categoryName":"뷰티","categoryImageUrl":"https://image.gmarket.co.kr/hanbando/202208/ba755a2e-4a11-472c-92f0-6b82f671b1f8.jpg","subCategories":[],"isNew":false},{"categoryNo":"100002008","categoryName":"유아동/출산/완구","categoryImageUrl":"https://image.gmarket.co.kr/hanbando/202208/fd6fb0fe-4f81-48ea-bec2-5cc37db6fa18.jpg","subCategories":[],"isNew":false},{"categoryNo":"100002009","categoryName":"패션/언더웨어","categoryImageUrl":"https://image.gmarket.co.kr/hanbando/202208/315ccf35-b333-4017-b664-ccb1ba966ef0.jpg","subCategories":[],"isNew":false},{"categoryNo":"100002010","categoryName":"잡화/슈즈/명품","categoryImageUrl":"https://image.gmarket.co.kr/hanbando/202208/30fc0d1d-ea15-4e02-8f50-f144d06423ca.jpg","subCategories":[],"isNew":false},{"categoryNo":"100002011","categoryName":"스포츠/레저/자동차","categoryImageUrl":"https://image.gmarket.co.kr/hanbando/202208/fa99b668-5f13-496e-a62d-dce329ead7cc.jpg","subCategories":[],"isNew":false},{"categoryNo":"100002012","categoryName":"디지털/가전","categoryImageUrl":"https://image.gmarket.co.kr/hanbando/202208/f38a6d26-1cc0-4b33-bf23-f933c2190252.jpg","subCategories":[],"isNew":false},{"categoryNo":"100002013","categoryName":"문구/취미/도서","categoryImageUrl":"https://image.gmarket.co.kr/hanbando/202208/edd14751-f54a-48ff-ae9a-15a33b10c06c.jpg","subCategories":[],"isNew":false}],"sdBrands":[],"sortOptions":["Popularity","PriceAsc","PriceDesc","NewItemDesc","ReviewCountDesc","HomeShoppingRank"],"promotionGroups":[],"promotions":[],"discountBenefits":[],"isBigSmileFilterAvailable":false,"isFilterDisabled":false},"searchContent":{"sortOrderby":0,"pageNo":1,"pageSize":100,"totalResultCount":100,"banners":[],"bannerCount":0,"itemCount":100,"items":[{"itemNo":"2971353719","itemName":"액츠 퍼펙트 실내건조 (겸용)3L","itemUrl":"https://item.gmarket.co.kr/Item?goodscode=2971353719","imageUrl":"//gdimg.gmarket.co.kr/2971353719/still/400?ver=1725131007","sdBrandName":"피죤","itemPrice":11900,"buyCount":2867,"reviewPoint":{"starPoint":4.82,"reviewCount":594},"isBigSmileItem":false,"isSoldOut":false,"couponDiscount":{"discountType":"R","discountPrice":"0","discountRate":"15"},"cardDiscount":{"discountRate":0},"sellerInfo":{"sellCustNo":"155104283","sellLoginId":"emartmall2","nickname":"이마트몰쓱배송","isLmoOfficialSeller":false,"isFashionSquareSeller":false,"isBrandOfficialSeller":false},"hasOption":false,"isAdult":false,"isCartVisible":true,"discountRate":0,"sellPrice":11900,"tagLabels":[{"code":0,"text":"1"}],"buyUnitCount":1,"deliveryCode":"M","unitPrice":{"unit":100,"unitName":"mL","price":397},"rank":1,"lcode":"100000074","mcode":"200001729","scode":"300028934"},{"itemNo":"2519111485","itemName":"노브랜드 더 경제적인 주방 세제 4L","itemUrl":"https://item.gmarket.co.kr/Item?goodscode=2519111485","imageUrl":"//gdimg.gmarket.co.kr/2519111485/still/400?ver=1717255641","sdBrandName":"노브랜드","itemPrice":4980,"buyCount":12392,"reviewPoint":{"starPoint":4.76,"reviewCount":4850},"isBigSmileItem":false,"isSoldOut":false,"cardDiscount":{"discountRate":0},"sellerInfo":{"sellCustNo":"155104283","sellLoginId":"emartmall2","nickname":"이마트몰쓱배송","isLmoOfficialSeller":false,"isFashionSquareSeller":false,"isBrandOfficialSeller":false},"hasOption":false,"isAdult":false,"isCartVisible":true,"discountRate":0,"sellPrice":4980,"tagLabels":[{"code":0,"text":"2"}],"buyUnitCount":1,"deliveryCode":"M","unitPrice":{"unit":100,"unitName":"mL","price":125},"rank":2,"lcode":"100000074","mcode":"200001729","scode":"300028936"},{"itemNo":"2522670937","itemName":"유한락스 욕실청소용 900ml2","itemUrl":"https://item.gmarket.co.kr/Item?goodscode=2522670937","imageUrl":"//gdimg.gmarket.co.kr/2522670937/still/400?ver=1725104904","sdBrandName":"유한락스","itemPrice":7900,"buyCount":6837,"reviewPoint":{"starPoint":4.79,"reviewCount":2046},"isBigSmileItem":false,"isSoldOut":false,"couponDiscount":{"discountType":"R","discountPrice":"0","discountRate":"15"},"cardDiscount":{"discountRate":0},"sellerInfo":{"sellCustNo":"155104283","sellLoginId":"emartmall2","nickname":"이마트몰쓱배송","isLmoOfficialSeller":false,"isFashionSquareSeller":false,"isBrandOfficialSeller":false},"hasOption":false,"isAdult":false,"isCartVisible":true,"discountRate":0,"sellPrice":7900,"tagLabels":[{"code":0,"text":"3"}],"buyUnitCount":1,"deliveryCode":"M","unitPrice":{"unit":100,"unitName":"mL","price":439},"rank":3,"lcode":"100000074","mcode":"200001729","scode":"300021446"},{"itemNo":"2971361053","itemName":"퍼실 디스크 캡슐세제 26개(파워젤)","itemUrl":"https://item.gmarket.co.kr/Item?goodscode=2971361053","imageUrl":"//gdimg.gmarket.co.kr/2971361053/still/400?ver=1725342609","sdBrandName":"퍼실","itemPrice":25900,"buyCount":815,"reviewPoint":{"starPoint":4.85,"reviewCount":156},"isBigSmileItem":false,"isSoldOut":false,"couponDiscount":{"discountType":"R","discountPrice":"0","discountRate":"15"},"cardDiscount":{"discountRate":0},"sellerInfo":{"sellCustNo":"155104283","sellLoginId":"emartmall2","nickname":"이마트몰쓱배송","isLmoOfficialSeller":false,"isFashionSquareSeller":false,"isBrandOfficialSeller":false},"hasOption":false,"isAdult":false,"isCartVisible":true,"discountRate":0,"sellPrice":25900,"tagLabels":[{"code":0,"text":"4"}],"buyUnitCount":1,"deliveryCode":"M","rank":4,"lcode":"100000074","mcode":"200001729","scode":"300028934"},{"itemNo":"2523334330","itemName":"홈스타 락스와 세제 후로랄 파인 (750ml)","itemUrl":"https://item.gmarket.co.kr/Item?goodscode=2523334330","imageUrl":"//gdimg.gmarket.co.kr/2523334330/still/400?ver=1725088108","sdBrandName":"홈스타","itemPrice":4500,"buyCount":4708,"reviewPoint":{"starPoint":4.74,"reviewCount":687},"isBigSmileItem":false,"isSoldOut":false,"couponDiscount":{"discountType":"R","discountPrice":"0","discountRate":"15"},"cardDiscount":{"discountRate":0},"sellerInfo":{"sellCustNo":"155104283","sellLoginId":"emartmall2","nickname":"이마트몰쓱배송","isLmoOfficialSeller":false,"isFashionSquareSeller":false,"isBrandOfficialSeller":false},"hasOption":false,"isAdult":false,"isCartVisible":true,"discountRate":0,"sellPrice":4500,"tagLabels":[{"code":0,"text":"5"}],"buyUnitCount":1,"deliveryCode":"M","unitPrice":{"unit":100,"unitName":"mL","price":600},"rank":5,"lcode":"100000074","mcode":"200001729","scode":"300011576"},{"itemNo":"2518884966","itemName":"노브랜드 깨끗한 락스4.3L","itemUrl":"https://item.gmarket.co.kr/Item?goodscode=2518884966","imageUrl":"//gdimg.gmarket.co.kr/2518884966/still/400?ver=1725113372","sdBrandName":"노브랜드","itemPrice":3580,"buyCount":11566,"reviewPoint":{"starPoint":4.73,"reviewCount":4411},"isBigSmileItem":false,"isSoldOut":false,"cardDiscount":{"discountRate":0},"sellerInfo":{"sellCustNo":"155104283","sellLoginId":"emartmall2","nickname":"이마트몰쓱배송","isLmoOfficialSeller":false,"isFashionSquareSeller":false,"isBrandOfficialSeller":false},"hasOption":false,"isAdult":false,"isCartVisible":true,"discountRate":0,"sellPrice":3580,"tagLabels":[{"code":0,"text":"6"}],"buyUnitCount":1,"deliveryCode":"M","unitPrice":{"unit":100,"unitName":"mL","price":83},"rank":6,"lcode":"100000074","mcode":"200001729","scode":"300011576"},{"itemNo":"2519396485","itemName":"노브랜드 세탁세제 4L(일반/드럼 겸용)","itemUrl":"https://item.gmarket.co.kr/Item?goodscode=2519396485","imageUrl":"//gdimg.gmarket.co.kr/2519396485/still/400?ver=1725123287","sdBrandName":"노브랜드","itemPrice":4980,"buyCount":7764,"reviewPoint":{"starPoint":4.8,"reviewCount":2504},"isBigSmileItem":false,"isSoldOut":false,"cardDiscount":{"discountRate":0},"sellerInfo":{"sellCustNo":"155104283","sellLoginId":"emartmall2","nickname":"이마트몰쓱배송","isLmoOfficialSeller":false,"isFashionSquareSeller":false,"isBrandOfficialSeller":false},"hasOption":false,"isAdult":false,"isCartVisible":true,"discountRate":0,"sellPrice":4980,"tagLabels":[{"code":0,"text":"7"}],"buyUnitCount":1,"deliveryCode":"M","unitPrice":{"unit":100,"unitName":"mL","price":125},"rank":7,"lcode":"100000074","mcode":"200001729","scode":"300028934"},{"itemNo":"2518944885","itemName":"프릴 그린파워 레몬그라스 1L","itemUrl":"https://item.gmarket.co.kr/Item?goodscode=2518944885","imageUrl":"//gdimg.gmarket.co.kr/2518944885/still/400?ver=1725112463","sdBrandName":"프릴","itemPrice":6900,"buyCount":1559,"reviewPoint":{"starPoint":4.79,"reviewCount":240},"isBigSmileItem":false,"isSoldOut":false,"couponDiscount":{"discountType":"R","discountPrice":"0","discountRate":"15"},"cardDiscount":{"discountRate":0},"sellerInfo":{"sellCustNo":"155104283","sellLoginId":"emartmall2","nickname":"이마트몰쓱배송","isLmoOfficialSeller":false,"isFashionSquareSeller":false,"isBrandOfficialSeller":false},"hasOption":false,"isAdult":false,"isCartVisible":true,"discountRate":0,"sellPrice":6900,"tagLabels":[{"code":0,"text":"8"}],"buyUnitCount":1,"deliveryCode":"M","unitPrice":{"unit":100,"unitName":"mL","price":690},"rank":8,"lcode":"100000074","mcode":"200001729","scode":"300028936"},{"itemNo":"2518977716","itemName":"브레프 디럭스 변기 세정제 2P(매그놀리아)","itemUrl":"https://item.gmarket.co.kr/Item?goodscode=2518977716","imageUrl":"//gdimg.gmarket.co.kr/2518977716/still/400?ver=1725115672","sdBrandName":"브레프","itemPrice":6900,"buyCount":507,"reviewPoint":{"starPoint":4.69,"reviewCount":101},"isBigSmileItem":false,"isSoldOut":false,"couponDiscount":{"discountType":"R","discountPrice":"0","discountRate":"15"},"cardDiscount":{"discountRate":0},"sellerInfo":{"sellCustNo":"155104283","sellLoginId":"emartmall2","nickname":"이마트몰쓱배송","isLmoOfficialSeller":false,"isFashionSquareSeller":false,"isBrandOfficialSeller":false},"hasOption":false,"isAdult":false,"isCartVisible":true,"discountRate":0,"sellPrice":6900,"tagLabels":[{"code":0,"text":"9"}],"buyUnitCount":1,"deliveryCode":"M","rank":9,"lcode":"100000074","mcode":"200001729","scode":"300021446"},{"itemNo":"3018662122","itemName":"피지 디나자임딥클린 2.6L 리필(오리지널)","itemUrl":"https://item.gmarket.co.kr/Item?goodscode=3018662122","imageUrl":"//gdimg.gmarket.co.kr/3018662122/still/400?ver=1725134962","sdBrandName":"피지","itemPrice":19900,"buyCount":515,"reviewPoint":{"starPoint":4.8,"reviewCount":118},"isBigSmileItem":false,"isSoldOut":false,"couponDiscount":{"discountType":"R","discountPrice":"0","discountRate":"15"},"cardDiscount":{"discountRate":0},"sellerInfo":{"sellCustNo":"155104283","sellLoginId":"emartmall2","nickname":"이마트몰쓱배송","isLmoOfficialSeller":false,"isFashionSquareSeller":false,"isBrandOfficialSeller":false},"hasOption":false,"isAdult":false,"isCartVisible":true,"discountRate":0,"sellPrice":19900,"tagLabels":[{"code":0,"text":"10"}],"buyUnitCount":1,"deliveryCode":"M","unitPrice":{"unit":100,"unitName":"mL","price":765},"rank":10,"lcode":"100000074","mcode":"200001729","scode":"300028934"},{"itemNo":"2891534546","itemName":"프릴 그린파워 레몬그라스 700ml 용기","itemUrl":"https://item.gmarket.co.kr/Item?goodscode=2891534546","imageUrl":"//gdimg.gmarket.co.kr/2891534546/still/400?ver=1725128679","sdBrandName":"프릴","itemPrice":6900,"buyCount":937,"reviewPoint":{"starPoint":4.77,"reviewCount":149},"isBigSmileItem":false,"isSoldOut":false,"couponDiscount":{"discountType":"R","discountPrice":"0","discountRate":"15"},"cardDiscount":{"discountRate":0},"sellerInfo":{"sellCustNo":"155104283","sellLoginId":"emartmall2","nickname":"이마트몰쓱배송","isLmoOfficialSeller":false,"isFashionSquareSeller":false,"isBrandOfficialSeller":false},"hasOption":false,"isAdult":false,"isCartVisible":true,"discountRate":0,"sellPrice":6900,"tagLabels":[{"code":0,"text":"11"}],"buyUnitCount":1,"deliveryCode":"M","unitPrice":{"unit":100,"unitName":"mL","price":986},"rank":11,"lcode":"100000074","mcode":"200001729","scode":"300028936"},{"itemNo":"2659882155","itemName":"트리오 레몬 주방세제 1.2L","itemUrl":"https://item.gmarket.co.kr/Item?goodscode=2659882155","imageUrl":"//gdimg.gmarket.co.kr/2659882155/still/400?ver=1725126517","sdBrandName":"애경","itemPrice":4500,"buyCount":6150,"reviewPoint":{"starPoint":4.77,"reviewCount":1148},"isBigSmileItem":false,"isSoldOut":false,"couponDiscount":{"discountType":"R","discountPrice":"0","discountRate":"15"},"cardDiscount":{"discountRate":0},"sellerInfo":{"sellCustNo":"155104283","sellLoginId":"emartmall2","nickname":"이마트몰쓱배송","isLmoOfficialSeller":false,"isFashionSquareSeller":false,"isBrandOfficialSeller":false},"hasOption":false,"isAdult":false,"isCartVisible":true,"discountRate":0,"sellPrice":4500,"tagLabels":[{"code":0,"text":"12"}],"buyUnitCount":1,"deliveryCode":"M","rank":12,"lcode":"100000074","mcode":"200001729","scode":"300028936"},{"itemNo":"2523144318","itemName":"유한락스 곰팡이 제거제 900ML2","itemUrl":"https://item.gmarket.co.kr/Item?goodscode=2523144318","imageUrl":"//gdimg.gmarket.co.kr/2523144318/still/400?ver=1725090510","sdBrandName":"유한락스","itemPrice":7900,"buyCount":2060,"reviewPoint":{"starPoint":4.78,"reviewCount":693},"isBigSmileItem":false,"isSoldOut":false,"couponDiscount":{"discountType":"R","discountPrice":"0","discountRate":"15"},"cardDiscount":{"discountRate":0},"sellerInfo":{"sellCustNo":"155104283","sellLoginId":"emartmall2","nickname":"이마트몰쓱배송","isLmoOfficialSeller":false,"isFashionSquareSeller":false,"isBrandOfficialSeller":false},"hasOption":false,"isAdult":false,"isCartVisible":true,"discountRate":0,"sellPrice":7900,"tagLabels":[{"code":0,"text":"13"}],"buyUnitCount":1,"deliveryCode":"M","rank":13,"lcode":"100000074","mcode":"200001729","scode":"300019378"},{"itemNo":"2518897662","itemName":"슈가버블 과탄산소다 1KG","itemUrl":"https://item.gmarket.co.kr/Item?goodscode=2518897662","imageUrl":"//gdimg.gmarket.co.kr/2518897662/still/400?ver=1725114644","itemPrice":6900,"buyCount":1777,"reviewPoint":{"starPoint":4.8,"reviewCount":377},"isBigSmileItem":false,"isSoldOut":false,"couponDiscount":{"discountType":"R","discountPrice":"0","discountRate":"15"},"cardDiscount":{"discountRate":0},"sellerInfo":{"sellCustNo":"155104283","sellLoginId":"emartmall2","nickname":"이마트몰쓱배송","isLmoOfficialSeller":false,"isFashionSquareSeller":false,"isBrandOfficialSeller":false},"hasOption":false,"isAdult":false,"isCartVisible":true,"discountRate":0,"sellPrice":6900,"tagLabels":[{"code":0,"text":"14"}],"buyUnitCount":1,"deliveryCode":"M","rank":14,"lcode":"100000074","mcode":"200001729","scode":"300021446"},{"itemNo":"2518917193","itemName":"7일간 피어나는 향수 컬렉션 미스티크 초고농축 섬유유연제 리필 2.6L","itemUrl":"https://item.gmarket.co.kr/Item?goodscode=2518917193","imageUrl":"//gdimg.gmarket.co.kr/2518917193/still/400?ver=1725107806","sdBrandName":"다우니","itemPrice":10900,"buyCount":708,"reviewPoint":{"starPoint":4.75,"reviewCount":97},"isBigSmileItem":false,"isSoldOut":false,"couponDiscount":{"discountType":"R","discountPrice":"0","discountRate":"15"},"cardDiscount":{"discountRate":0},"sellerInfo":{"sellCustNo":"155104283","sellLoginId":"emartmall2","nickname":"이마트몰쓱배송","isLmoOfficialSeller":false,"isFashionSquareSeller":false,"isBrandOfficialSeller":false},"hasOption":false,"isAdult":false,"isCartVisible":true,"discountRate":0,"sellPrice":10900,"tagLabels":[{"code":0,"text":"15"}],"buyUnitCount":1,"deliveryCode":"M","unitPrice":{"unit":100,"unitName":"mL","price":419},"rank":15,"lcode":"100000074","mcode":"200001729","scode":"300028931"},{"itemNo":"2522760775","itemName":"노브랜드 습기제거제 8입","itemUrl":"https://item.gmarket.co.kr/Item?goodscode=2522760775","imageUrl":"//gdimg.gmarket.co.kr/2522760775/still/400?ver=1725106392","sdBrandName":"노브랜드","itemPrice":6980,"buyCount":5634,"reviewPoint":{"starPoint":4.76,"reviewCount":2070},"isBigSmileItem":false,"isSoldOut":false,"cardDiscount":{"discountRate":0},"sellerInfo":{"sellCustNo":"155104283","sellLoginId":"emartmall2","nickname":"이마트몰쓱배송","isLmoOfficialSeller":false,"isFashionSquareSeller":false,"isBrandOfficialSeller":false},"hasOption":false,"isAdult":false,"isCartVisible":true,"discountRate":0,"sellPrice":6980,"tagLabels":[{"code":0,"text":"16"}],"buyUnitCount":1,"deliveryCode":"M","rank":16,"lcode":"100000074","mcode":"200001730","scode":"300028940"},{"itemNo":"2522735479","itemName":"넬리 식기세척기 주방세제 1KG","itemUrl":"https://item.gmarket.co.kr/Item?goodscode=2522735479","imageUrl":"//gdimg.gmarket.co.kr/2522735479/still/400?ver=1725104365","sdBrandName":"넬리","itemPrice":19500,"buyCount":1174,"reviewPoint":{"starPoint":4.83,"reviewCount":172},"isBigSmileItem":false,"isSoldOut":false,"couponDiscount":{"discountType":"R","discountPrice":"0","discountRate":"15"},"cardDiscount":{"discountRate":0},"sellerInfo":{"sellCustNo":"155104283","sellLoginId":"emartmall2","nickname":"이마트몰쓱배송","isLmoOfficialSeller":false,"isFashionSquareSeller":false,"isBrandOfficialSeller":false},"hasOption":false,"isAdult":false,"isCartVisible":true,"discountRate":0,"sellPrice":19500,"tagLabels":[{"code":0,"text":"17"}],"buyUnitCount":1,"deliveryCode":"M","rank":17,"lcode":"100000074","mcode":"200001729","scode":"300028935"},{"itemNo":"2518530525","itemName":"유한락스 레귤러 3.5L","itemUrl":"https://item.gmarket.co.kr/Item?goodscode=2518530525","imageUrl":"//gdimg.gmarket.co.kr/2518530525/still/400?ver=1725087986","sdBrandName":"유한락스","itemPrice":6970,"buyCount":2219,"reviewPoint":{"starPoint":4.78,"reviewCount":656},"isBigSmileItem":false,"isSoldOut":false,"couponDiscount":{"discountType":"R","discountPrice":"0","discountRate":"15"},"cardDiscount":{"discountRate":0},"sellerInfo":{"sellCustNo":"155104283","sellLoginId":"emartmall2","nickname":"이마트몰쓱배송","isLmoOfficialSeller":false,"isFashionSquareSeller":false,"isBrandOfficialSeller":false},"hasOption":false,"isAdult":false,"isCartVisible":true,"discountRate":0,"sellPrice":6970,"tagLabels":[{"code":0,"text":"18"}],"buyUnitCount":1,"deliveryCode":"M","unitPrice":{"unit":100,"unitName":"mL","price":199},"rank":18,"lcode":"100000074","mcode":"200001729","scode":"300011576"},{"itemNo":"3632129784","itemName":"홈스타 곰팡이용세정제 900ML2","itemUrl":"https://item.gmarket.co.kr/Item?goodscode=3632129784","imageUrl":"//gdimg.gmarket.co.kr/3632129784/still/400?ver=1725138743","sdBrandName":"홈스타","itemPrice":7900,"buyCount":445,"reviewPoint":{"starPoint":4.72,"reviewCount":135},"isBigSmileItem":false,"isSoldOut":false,"couponDiscount":{"discountType":"R","discountPrice":"0","discountRate":"15"},"cardDiscount":{"discountRate":0},"sellerInfo":{"sellCustNo":"155104283","sellLoginId":"emartmall2","nickname":"이마트몰쓱배송","isLmoOfficialSeller":false,"isFashionSquareSeller":false,"isBrandOfficialSeller":false},"hasOption":false,"isAdult":false,"isCartVisible":true,"discountRate":27,"sellPrice":10900,"tagLabels":[{"code":0,"text":"19"}],"buyUnitCount":1,"deliveryCode":"M","rank":19,"lcode":"100000074","mcode":"200001729","scode":"300021446"},{"itemNo":"2602060042","itemName":"퍼실 디스크 캡슐세제 26개(라벤더)","itemUrl":"https://item.gmarket.co.kr/Item?goodscode=2602060042","imageUrl":"//gdimg.gmarket.co.kr/2602060042/still/400?ver=1725123632","sdBrandName":"퍼실","itemPrice":25900,"buyCount":2209,"reviewPoint":{"starPoint":4.75,"reviewCount":285},"isBigSmileItem":false,"isSoldOut":false,"couponDiscount":{"discountType":"R","discountPrice":"0","discountRate":"15"},"cardDiscount":{"discountRate":0},"sellerInfo":{"sellCustNo":"155104283","sellLoginId":"emartmall2","nickname":"이마트몰쓱배송","isLmoOfficialSeller":false,"isFashionSquareSeller":false,"isBrandOfficialSeller":false},"hasOption":false,"isAdult":false,"isCartVisible":true,"discountRate":0,"sellPrice":25900,"tagLabels":[{"code":0,"text":"20"}],"buyUnitCount":1,"deliveryCode":"M","rank":20,"lcode":"100000074","mcode":"200001729","scode":"300028934"},{"itemNo":"2522408256","itemName":"유한젠 과탄산소다 2KG","itemUrl":"https://item.gmarket.co.kr/Item?goodscode=2522408256","imageUrl":"//gdimg.gmarket.co.kr/2522408256/still/400?ver=1725101475","sdBrandName":"유한젠","itemPrice":6900,"buyCount":2008,"reviewPoint":{"starPoint":4.8,"reviewCount":600},"isBigSmileItem":false,"isSoldOut":false,"couponDiscount":{"discountType":"R","discountPrice":"0","discountRate":"15"},"cardDiscount":{"discountRate":0},"sellerInfo":{"sellCustNo":"155104283","sellLoginId":"emartmall2","nickname":"이마트몰쓱배송","isLmoOfficialSeller":false,"isFashionSquareSeller":false,"isBrandOfficialSeller":false},"hasOption":false,"isAdult":false,"isCartVisible":true,"discountRate":0,"sellPrice":6900,"tagLabels":[{"code":0,"text":"21"}],"buyUnitCount":1,"deliveryCode":"M","rank":21,"lcode":"100000074","mcode":"200001729","scode":"300028937"},{"itemNo":"2920351883","itemName":"다우니 7일간 피어나는 향수 컬렉션 시트러스앤버베나 초고농축 섬유유연제  2.6L 1개","itemUrl":"https://item.gmarket.co.kr/Item?goodscode=2920351883","imageUrl":"//gdimg.gmarket.co.kr/2920351883/still/400?ver=1725129942","sdBrandName":"다우니","itemPrice":10900,"buyCount":370,"reviewPoint":{"starPoint":4.83,"reviewCount":81},"isBigSmileItem":false,"isSoldOut":false,"couponDiscount":{"discountType":"R","discountPrice":"0","discountRate":"15"},"cardDiscount":{"discountRate":0},"sellerInfo":{"sellCustNo":"155104283","sellLoginId":"emartmall2","nickname":"이마트몰쓱배송","isLmoOfficialSeller":false,"isFashionSquareSeller":false,"isBrandOfficialSeller":false},"hasOption":false,"isAdult":false,"isCartVisible":true,"discountRate":0,"sellPrice":10900,"tagLabels":[{"code":0,"text":"22"}],"buyUnitCount":1,"deliveryCode":"M","unitPrice":{"unit":100,"unitName":"mL","price":419},"rank":22,"lcode":"100000074","mcode":"200001729","scode":"300028931"},{"itemNo":"2537365375","itemName":"애경 울샴푸 오리지널 리필 1.8L","itemUrl":"https://item.gmarket.co.kr/Item?goodscode=2537365375","imageUrl":"//gdimg.gmarket.co.kr/2537365375/still/400?ver=1725088076","sdBrandName":"애경","itemPrice":4000,"buyCount":644,"reviewPoint":{"starPoint":4.82,"reviewCount":187},"isBigSmileItem":false,"isSoldOut":false,"couponDiscount":{"discountType":"R","discountPrice":"0","discountRate":"15"},"cardDiscount":{"discountRate":0},"sellerInfo":{"sellCustNo":"155104283","sellLoginId":"emartmall2","nickname":"이마트몰쓱배송","isLmoOfficialSeller":false,"isFashionSquareSeller":false,"isBrandOfficialSeller":false},"hasOption":false,"isAdult":false,"isCartVisible":true,"discountRate":33,"sellPrice":6000,"tagLabels":[{"code":0,"text":"23"}],"buyUnitCount":1,"deliveryCode":"M","unitPrice":{"unit":100,"unitName":"mL","price":222},"rank":23,"lcode":"100000074","mcode":"200001729","scode":"300028934"},{"itemNo":"2522662969","itemName":"유한락스 펑크린 (1.5ℓ + 200ml)","itemUrl":"https://item.gmarket.co.kr/Item?goodscode=2522662969","imageUrl":"//gdimg.gmarket.co.kr/2522662969/still/400?ver=1725103542","sdBrandName":"유한양행","itemPrice":3760,"buyCount":4808,"reviewPoint":{"starPoint":4.79,"reviewCount":1106},"isBigSmileItem":false,"isSoldOut":false,"couponDiscount":{"discountType":"R","discountPrice":"0","discountRate":"15"},"cardDiscount":{"discountRate":0},"sellerInfo":{"sellCustNo":"155104283","sellLoginId":"emartmall2","nickname":"이마트몰쓱배송","isLmoOfficialSeller":false,"isFashionSquareSeller":false,"isBrandOfficialSeller":false},"hasOption":false,"isAdult":false,"isCartVisible":true,"discountRate":0,"sellPrice":3760,"tagLabels":[{"code":0,"text":"24"}],"buyUnitCount":1,"deliveryCode":"M","rank":24,"lcode":"100000074","mcode":"200001729","scode":"300011576"},{"itemNo":"2529249950","itemName":"홈스타 락스와세제 750ml (허벌 시트러스)","itemUrl":"https://item.gmarket.co.kr/Item?goodscode=2529249950","imageUrl":"//gdimg.gmarket.co.kr/2529249950/still/400?ver=1725088217","sdBrandName":"홈스타","itemPrice":4500,"buyCount":2763,"reviewPoint":{"starPoint":4.77,"reviewCount":391},"isBigSmileItem":false,"isSoldOut":false,"couponDiscount":{"discountType":"R","discountPrice":"0","discountRate":"15"},"cardDiscount":{"discountRate":0},"sellerInfo":{"sellCustNo":"155104283","sellLoginId":"emartmall2","nickname":"이마트몰쓱배송","isLmoOfficialSeller":false,"isFashionSquareSeller":false,"isBrandOfficialSeller":false},"hasOption":false,"isAdult":false,"isCartVisible":true,"discountRate":0,"sellPrice":4500,"tagLabels":[{"code":0,"text":"25"}],"buyUnitCount":1,"deliveryCode":"M","unitPrice":{"unit":100,"unitName":"mL","price":600},"rank":25,"lcode":"100000074","mcode":"200001729","scode":"300011576"},{"itemNo":"2518977273","itemName":"브레프 디럭스 변기 세정제 2P(문플라워)","itemUrl":"https://item.gmarket.co.kr/Item?goodscode=2518977273","imageUrl":"//gdimg.gmarket.co.kr/2518977273/still/400?ver=1725114624","sdBrandName":"브레프","itemPrice":6900,"buyCount":468,"reviewPoint":{"starPoint":4.7,"reviewCount":81},"isBigSmileItem":false,"isSoldOut":false,"couponDiscount":{"discountType":"R","discountPrice":"0","discountRate":"15"},"cardDiscount":{"discountRate":0},"sellerInfo":{"sellCustNo":"155104283","sellLoginId":"emartmall2","nickname":"이마트몰쓱배송","isLmoOfficialSeller":false,"isFashionSquareSeller":false,"isBrandOfficialSeller":false},"hasOption":false,"isAdult":false,"isCartVisible":true,"discountRate":0,"sellPrice":6900,"tagLabels":[{"code":0,"text":"26"}],"buyUnitCount":1,"deliveryCode":"M","rank":26,"lcode":"100000074","mcode":"200001729","scode":"300021446"},{"itemNo":"2523206340","itemName":"홈스타 바르면 곰팡이 싹 120ml","itemUrl":"https://item.gmarket.co.kr/Item?goodscode=2523206340","imageUrl":"//gdimg.gmarket.co.kr/2523206340/still/400?ver=1725088017","sdBrandName":"홈스타","itemPrice":4500,"buyCount":2878,"reviewPoint":{"starPoint":4.71,"reviewCount":616},"isBigSmileItem":false,"isSoldOut":false,"couponDiscount":{"discountType":"R","discountPrice":"0","discountRate":"15"},"cardDiscount":{"discountRate":0},"sellerInfo":{"sellCustNo":"155104283","sellLoginId":"emartmall2","nickname":"이마트몰쓱배송","isLmoOfficialSeller":false,"isFashionSquareSeller":false,"isBrandOfficialSeller":false},"hasOption":false,"isAdult":false,"isCartVisible":true,"discountRate":0,"sellPrice":4500,"tagLabels":[{"code":0,"text":"27"}],"buyUnitCount":1,"deliveryCode":"M","rank":27,"lcode":"100000074","mcode":"200001729","scode":"300019378"},{"itemNo":"2518659095","itemName":"다우니 섬유유연제 7일간 피어나는 향수 컬렉션 스프링 가든 러브 2.6L","itemUrl":"https://item.gmarket.co.kr/Item?goodscode=2518659095","imageUrl":"//gdimg.gmarket.co.kr/2518659095/still/400?ver=1725107433","sdBrandName":"다우니","itemPrice":10900,"buyCount":305,"reviewPoint":{"starPoint":4.88,"reviewCount":22},"isBigSmileItem":false,"isSoldOut":false,"couponDiscount":{"discountType":"R","discountPrice":"0","discountRate":"15"},"cardDiscount":{"discountRate":0},"sellerInfo":{"sellCustNo":"155104283","sellLoginId":"emartmall2","nickname":"이마트몰쓱배송","isLmoOfficialSeller":false,"isFashionSquareSeller":false,"isBrandOfficialSeller":false},"hasOption":false,"isAdult":false,"isCartVisible":true,"discountRate":0,"sellPrice":10900,"tagLabels":[{"code":0,"text":"28"}],"buyUnitCount":1,"deliveryCode":"M","unitPrice":{"unit":100,"unitName":"mL","price":419},"rank":28,"lcode":"100000074","mcode":"200001729","scode":"300028931"},{"itemNo":"2518774801","itemName":"아우라 건조기시트 120매(윌유메리미)","itemUrl":"https://item.gmarket.co.kr/Item?goodscode=2518774801","imageUrl":"//gdimg.gmarket.co.kr/2518774801/still/400?ver=1725111927","sdBrandName":"샤프란","itemPrice":13900,"buyCount":1234,"reviewPoint":{"starPoint":4.77,"reviewCount":211},"isBigSmileItem":false,"isSoldOut":false,"couponDiscount":{"discountType":"R","discountPrice":"0","discountRate":"15"},"cardDiscount":{"discountRate":0},"sellerInfo":{"sellCustNo":"155104283","sellLoginId":"emartmall2","nickname":"이마트몰쓱배송","isLmoOfficialSeller":false,"isFashionSquareSeller":false,"isBrandOfficialSeller":false},"hasOption":false,"isAdult":false,"isCartVisible":true,"discountRate":30,"sellPrice":19900,"tagLabels":[{"code":0,"text":"29"}],"buyUnitCount":1,"deliveryCode":"M","rank":29,"lcode":"100000074","mcode":"200001729","scode":"300028931"},{"itemNo":"3018662115","itemName":"피지 디나자임딥클린 2.6L리필(프레시)","itemUrl":"https://item.gmarket.co.kr/Item?goodscode=3018662115","imageUrl":"//gdimg.gmarket.co.kr/3018662115/still/400?ver=1725131900","sdBrandName":"피지","itemPrice":19900,"buyCount":439,"reviewPoint":{"starPoint":4.79,"reviewCount":88},"isBigSmileItem":false,"isSoldOut":false,"couponDiscount":{"discountType":"R","discountPrice":"0","discountRate":"15"},"cardDiscount":{"discountRate":0},"sellerInfo":{"sellCustNo":"155104283","sellLoginId":"emartmall2","nickname":"이마트몰쓱배송","isLmoOfficialSeller":false,"isFashionSquareSeller":false,"isBrandOfficialSeller":false},"hasOption":false,"isAdult":false,"isCartVisible":true,"discountRate":0,"sellPrice":19900,"tagLabels":[{"code":0,"text":"30"}],"buyUnitCount":1,"deliveryCode":"M","unitPrice":{"unit":100,"unitName":"mL","price":765},"rank":30,"lcode":"100000074","mcode":"200001729","scode":"300028934"},{"itemNo":"2518655094","itemName":"노브랜드 파워 배수관세척제 2L","itemUrl":"https://item.gmarket.co.kr/Item?goodscode=2518655094","imageUrl":"//gdimg.gmarket.co.kr/2518655094/still/400?ver=1725100297","sdBrandName":"노브랜드","itemPrice":3280,"buyCount":4552,"reviewPoint":{"starPoint":4.79,"reviewCount":1330},"isBigSmileItem":false,"isSoldOut":false,"cardDiscount":{"discountRate":0},"sellerInfo":{"sellCustNo":"155104283","sellLoginId":"emartmall2","nickname":"이마트몰쓱배송","isLmoOfficialSeller":false,"isFashionSquareSeller":false,"isBrandOfficialSeller":false},"hasOption":false,"isAdult":false,"isCartVisible":true,"discountRate":0,"sellPrice":3280,"tagLabels":[{"code":0,"text":"31"}],"buyUnitCount":1,"deliveryCode":"M","rank":31,"lcode":"100000074","mcode":"200001729","scode":"300021447"},{"itemNo":"2774883707","itemName":"퐁퐁 주방세제 1.2L(오렌지)","itemUrl":"https://item.gmarket.co.kr/Item?goodscode=2774883707","imageUrl":"//gdimg.gmarket.co.kr/2774883707/still/400?ver=1725129030","sdBrandName":"퐁퐁","itemPrice":2350,"buyCount":2278,"reviewPoint":{"starPoint":4.73,"reviewCount":708},"isBigSmileItem":false,"isSoldOut":false,"couponDiscount":{"discountType":"R","discountPrice":"0","discountRate":"15"},"cardDiscount":{"discountRate":0},"sellerInfo":{"sellCustNo":"155104283","sellLoginId":"emartmall2","nickname":"이마트몰쓱배송","isLmoOfficialSeller":false,"isFashionSquareSeller":false,"isBrandOfficialSeller":false},"hasOption":false,"isAdult":false,"isCartVisible":true,"discountRate":0,"sellPrice":2350,"tagLabels":[{"code":0,"text":"32"}],"buyUnitCount":1,"deliveryCode":"M","unitPrice":{"unit":100,"unitName":"mL","price":196},"rank":32,"lcode":"100000074","mcode":"200001729","scode":"300028936"},{"itemNo":"2518697031","itemName":"퐁퐁 베이킹소다 주방세제 1.2L","itemUrl":"https://item.gmarket.co.kr/Item?goodscode=2518697031","imageUrl":"//gdimg.gmarket.co.kr/2518697031/still/400?ver=1725091424","sdBrandName":"퐁퐁","itemPrice":2900,"buyCount":2043,"reviewPoint":{"starPoint":4.79,"reviewCount":546},"isBigSmileItem":false,"isSoldOut":false,"couponDiscount":{"discountType":"R","discountPrice":"0","discountRate":"15"},"cardDiscount":{"discountRate":0},"sellerInfo":{"sellCustNo":"155104283","sellLoginId":"emartmall2","nickname":"이마트몰쓱배송","isLmoOfficialSeller":false,"isFashionSquareSeller":false,"isBrandOfficialSeller":false},"hasOption":false,"isAdult":false,"isCartVisible":true,"discountRate":25,"sellPrice":3900,"tagLabels":[{"code":0,"text":"33"}],"buyUnitCount":1,"deliveryCode":"M","unitPrice":{"unit":100,"unitName":"mL","price":242},"rank":33,"lcode":"100000074","mcode":"200001729","scode":"300028936"},{"itemNo":"2518963446","itemName":"다우니 7일간 피어나는 향수 컬렉션 프리지아 앤 페어 2.6L 1개","itemUrl":"https://item.gmarket.co.kr/Item?goodscode=2518963446","imageUrl":"//gdimg.gmarket.co.kr/2518963446/still/400?ver=1725120953","sdBrandName":"다우니","itemPrice":10900,"buyCount":398,"reviewPoint":{"starPoint":4.68,"reviewCount":49},"isBigSmileItem":false,"isSoldOut":false,"couponDiscount":{"discountType":"R","discountPrice":"0","discountRate":"15"},"cardDiscount":{"discountRate":0},"sellerInfo":{"sellCustNo":"155104283","sellLoginId":"emartmall2","nickname":"이마트몰쓱배송","isLmoOfficialSeller":false,"isFashionSquareSeller":false,"isBrandOfficialSeller":false},"hasOption":false,"isAdult":false,"isCartVisible":true,"discountRate":0,"sellPrice":10900,"tagLabels":[{"code":0,"text":"34"}],"buyUnitCount":1,"deliveryCode":"M","unitPrice":{"unit":100,"unitName":"mL","price":419},"rank":34,"lcode":"100000074","mcode":"200001729","scode":"300028931"},{"itemNo":"2522801017","itemName":"다우니 7일간 피어나는 향기 컬렉션 코튼 퓨어러브 초고농축 섬유유연제 2.6L","itemUrl":"https://item.gmarket.co.kr/Item?goodscode=2522801017","imageUrl":"//gdimg.gmarket.co.kr/2522801017/still/400?ver=1725107440","sdBrandName":"다우니","itemPrice":10900,"buyCount":371,"reviewPoint":{"starPoint":4.67,"reviewCount":63},"isBigSmileItem":false,"isSoldOut":false,"couponDiscount":{"discountType":"R","discountPrice":"0","discountRate":"15"},"cardDiscount":{"discountRate":0},"sellerInfo":{"sellCustNo":"155104283","sellLoginId":"emartmall2","nickname":"이마트몰쓱배송","isLmoOfficialSeller":false,"isFashionSquareSeller":false,"isBrandOfficialSeller":false},"hasOption":false,"isAdult":false,"isCartVisible":true,"discountRate":0,"sellPrice":10900,"tagLabels":[{"code":0,"text":"35"}],"buyUnitCount":1,"deliveryCode":"M","unitPrice":{"unit":100,"unitName":"mL","price":419},"rank":35,"lcode":"100000074","mcode":"200001729","scode":"300028931"},{"itemNo":"2621360965","itemName":"피죤 건조기시트 120매(미스틱레인)","itemUrl":"https://item.gmarket.co.kr/Item?goodscode=2621360965","imageUrl":"//gdimg.gmarket.co.kr/2621360965/still/400?ver=1725112108","sdBrandName":"피죤","itemPrice":17900,"buyCount":521,"reviewPoint":{"starPoint":4.78,"reviewCount":112},"isBigSmileItem":false,"isSoldOut":false,"couponDiscount":{"discountType":"R","discountPrice":"0","discountRate":"15"},"cardDiscount":{"discountRate":0},"sellerInfo":{"sellCustNo":"155104283","sellLoginId":"emartmall2","nickname":"이마트몰쓱배송","isLmoOfficialSeller":false,"isFashionSquareSeller":false,"isBrandOfficialSeller":false},"hasOption":false,"isAdult":false,"isCartVisible":true,"discountRate":0,"sellPrice":17900,"tagLabels":[{"code":0,"text":"36"}],"buyUnitCount":1,"deliveryCode":"M","rank":36,"lcode":"100000074","mcode":"200001729","scode":"300028931"},{"itemNo":"2523439509","itemName":"유한락스 주방청소900ML2","itemUrl":"https://item.gmarket.co.kr/Item?goodscode=2523439509","imageUrl":"//gdimg.gmarket.co.kr/2523439509/still/400?ver=1725099985","sdBrandName":"유한락스","itemPrice":7900,"buyCount":581,"reviewPoint":{"starPoint":4.79,"reviewCount":206},"isBigSmileItem":false,"isSoldOut":false,"couponDiscount":{"discountType":"R","discountPrice":"0","discountRate":"15"},"cardDiscount":{"discountRate":0},"sellerInfo":{"sellCustNo":"155104283","sellLoginId":"emartmall2","nickname":"이마트몰쓱배송","isLmoOfficialSeller":false,"isFashionSquareSeller":false,"isBrandOfficialSeller":false},"hasOption":false,"isAdult":false,"isCartVisible":true,"discountRate":0,"sellPrice":7900,"tagLabels":[{"code":0,"text":"37"}],"buyUnitCount":1,"deliveryCode":"M","unitPrice":{"unit":100,"unitName":"mL","price":439},"rank":37,"lcode":"100000074","mcode":"200001729","scode":"300028936"},{"itemNo":"2701642214","itemName":"테크 익스트림클린 세탁세제 2.6L","itemUrl":"https://item.gmarket.co.kr/Item?goodscode=2701642214","imageUrl":"//gdimg.gmarket.co.kr/2701642214/still/400?ver=1725126873","sdBrandName":"테크","itemPrice":5980,"buyCount":2224,"reviewPoint":{"starPoint":4.68,"reviewCount":419},"isBigSmileItem":false,"isSoldOut":false,"couponDiscount":{"discountType":"R","discountPrice":"0","discountRate":"15"},"cardDiscount":{"discountRate":0},"sellerInfo":{"sellCustNo":"155104283","sellLoginId":"emartmall2","nickname":"이마트몰쓱배송","isLmoOfficialSeller":false,"isFashionSquareSeller":false,"isBrandOfficialSeller":false},"hasOption":false,"isAdult":false,"isCartVisible":true,"discountRate":0,"sellPrice":5980,"tagLabels":[{"code":0,"text":"38"}],"buyUnitCount":1,"deliveryCode":"M","rank":38,"lcode":"100000074","mcode":"200001729","scode":"300028934"},{"itemNo":"2523340776","itemName":"유한 락스와세제 다목적 세정제 755ml","itemUrl":"https://item.gmarket.co.kr/Item?goodscode=2523340776","imageUrl":"//gdimg.gmarket.co.kr/2523340776/still/400?ver=1725088253","sdBrandName":"유한락스","itemPrice":4800,"buyCount":4969,"reviewPoint":{"starPoint":4.76,"reviewCount":743},"isBigSmileItem":false,"isSoldOut":false,"couponDiscount":{"discountType":"R","discountPrice":"0","discountRate":"15"},"cardDiscount":{"discountRate":0},"sellerInfo":{"sellCustNo":"155104283","sellLoginId":"emartmall2","nickname":"이마트몰쓱배송","isLmoOfficialSeller":false,"isFashionSquareSeller":false,"isBrandOfficialSeller":false},"hasOption":false,"isAdult":false,"isCartVisible":true,"discountRate":0,"sellPrice":4800,"tagLabels":[{"code":0,"text":"39"}],"buyUnitCount":1,"deliveryCode":"M","unitPrice":{"unit":100,"unitName":"mL","price":636},"rank":39,"lcode":"100000074","mcode":"200001729","scode":"300011576"},{"itemNo":"2612842615","itemName":"락앤락튼튼빨래건조대","itemUrl":"https://item.gmarket.co.kr/Item?goodscode=2612842615","imageUrl":"//gdimg.gmarket.co.kr/2612842615/still/400?ver=1712027718","itemPrice":40900,"buyCount":81,"reviewPoint":{"starPoint":4.86,"reviewCount":36},"isBigSmileItem":false,"isSoldOut":false,"couponDiscount":{"discountType":"R","discountPrice":"0","discountRate":"15"},"cardDiscount":{"discountRate":0},"sellerInfo":{"sellCustNo":"155104283","sellLoginId":"emartmall2","nickname":"이마트몰쓱배송","isLmoOfficialSeller":false,"isFashionSquareSeller":false,"isBrandOfficialSeller":false},"hasOption":false,"isAdult":false,"isCartVisible":true,"discountRate":0,"sellPrice":40900,"tagLabels":[{"code":0,"text":"40"}],"buyUnitCount":1,"deliveryCode":"M","rank":40,"lcode":"100000014","mcode":"200000460","scode":"300028878"},{"itemNo":"2518897674","itemName":"슈가버블 구연산 1KG","itemUrl":"https://item.gmarket.co.kr/Item?goodscode=2518897674","imageUrl":"//gdimg.gmarket.co.kr/2518897674/still/400?ver=1725113928","itemPrice":6900,"buyCount":1445,"reviewPoint":{"starPoint":4.74,"reviewCount":323},"isBigSmileItem":false,"isSoldOut":false,"couponDiscount":{"discountType":"R","discountPrice":"0","discountRate":"15"},"cardDiscount":{"discountRate":0},"sellerInfo":{"sellCustNo":"155104283","sellLoginId":"emartmall2","nickname":"이마트몰쓱배송","isLmoOfficialSeller":false,"isFashionSquareSeller":false,"isBrandOfficialSeller":false},"hasOption":false,"isAdult":false,"isCartVisible":true,"discountRate":0,"sellPrice":6900,"tagLabels":[{"code":0,"text":"41"}],"buyUnitCount":1,"deliveryCode":"M","rank":41,"lcode":"100000074","mcode":"200001729","scode":"300021446"},{"itemNo":"2518951714","itemName":"노브랜드 손으로쓰는 물걸레 청소포 100매","itemUrl":"https://item.gmarket.co.kr/Item?goodscode=2518951714","imageUrl":"//gdimg.gmarket.co.kr/2518951714/still/400?ver=1725114460","sdBrandName":"노브랜드","itemPrice":1680,"buyCount":2658,"reviewPoint":{"starPoint":4.65,"reviewCount":618},"isBigSmileItem":false,"isSoldOut":false,"cardDiscount":{"discountRate":0},"sellerInfo":{"sellCustNo":"155104283","sellLoginId":"emartmall2","nickname":"이마트몰쓱배송","isLmoOfficialSeller":false,"isFashionSquareSeller":false,"isBrandOfficialSeller":false},"hasOption":false,"isAdult":false,"isCartVisible":true,"discountRate":0,"sellPrice":1680,"tagLabels":[{"code":0,"text":"42"}],"buyUnitCount":1,"deliveryCode":"M","rank":42,"lcode":"100000014","mcode":"200002347","scode":"300028925"},{"itemNo":"2522103864","itemName":"기획 고로고로 초강력 테이프크리너 리필 6롤","itemUrl":"https://item.gmarket.co.kr/Item?goodscode=2522103864","imageUrl":"//gdimg.gmarket.co.kr/2522103864/still/400?ver=1725100852","sdBrandName":"고로고로","itemPrice":13500,"buyCount":768,"reviewPoint":{"starPoint":4.75,"reviewCount":178},"isBigSmileItem":false,"isSoldOut":false,"couponDiscount":{"discountType":"R","discountPrice":"0","discountRate":"15"},"cardDiscount":{"discountRate":0},"sellerInfo":{"sellCustNo":"155104283","sellLoginId":"emartmall2","nickname":"이마트몰쓱배송","isLmoOfficialSeller":false,"isFashionSquareSeller":false,"isBrandOfficialSeller":false},"hasOption":false,"isAdult":false,"isCartVisible":true,"discountRate":0,"sellPrice":13500,"tagLabels":[{"code":0,"text":"43"}],"buyUnitCount":1,"deliveryCode":"M","rank":43,"lcode":"100000014","mcode":"200002347","scode":"300016217"},{"itemNo":"2522402480","itemName":"컴배트 파워 울트라 슬림 10입","itemUrl":"https://item.gmarket.co.kr/Item?goodscode=2522402480","imageUrl":"//gdimg.gmarket.co.kr/2522402480/still/400?ver=1725101288","sdBrandName":"헨켈","itemPrice":14900,"buyCount":36,"reviewPoint":{"starPoint":4.89,"reviewCount":14},"isBigSmileItem":false,"isSoldOut":false,"couponDiscount":{"discountType":"R","discountPrice":"0","discountRate":"15"},"cardDiscount":{"discountRate":0},"sellerInfo":{"sellCustNo":"155104283","sellLoginId":"emartmall2","nickname":"이마트몰쓱배송","isLmoOfficialSeller":false,"isFashionSquareSeller":false,"isBrandOfficialSeller":false},"hasOption":false,"isAdult":false,"isCartVisible":true,"discountRate":0,"sellPrice":14900,"tagLabels":[{"code":0,"text":"44"}],"buyUnitCount":1,"deliveryCode":"M","rank":44,"lcode":"100000074","mcode":"200002202","scode":"300019449"},{"itemNo":"2625401375","itemName":"해피홈 좀벌레아웃 옷장용 7개입","itemUrl":"https://item.gmarket.co.kr/Item?goodscode=2625401375","imageUrl":"//gdimg.gmarket.co.kr/2625401375/still/400?ver=1725101664","sdBrandName":"유한양행","itemPrice":10900,"buyCount":354,"reviewPoint":{"starPoint":4.7,"reviewCount":81},"isBigSmileItem":false,"isSoldOut":false,"couponDiscount":{"discountType":"R","discountPrice":"0","discountRate":"15"},"cardDiscount":{"discountRate":0},"sellerInfo":{"sellCustNo":"155104283","sellLoginId":"emartmall2","nickname":"이마트몰쓱배송","isLmoOfficialSeller":false,"isFashionSquareSeller":false,"isBrandOfficialSeller":false},"hasOption":false,"isAdult":false,"isCartVisible":true,"discountRate":0,"sellPrice":10900,"tagLabels":[{"code":0,"text":"45"}],"buyUnitCount":1,"deliveryCode":"M","rank":45,"lcode":"100000074","mcode":"200002202","scode":"300019880"},{"itemNo":"2692898603","itemName":"퐁퐁 오렌지솔트 주방세제 1.2L","itemUrl":"https://item.gmarket.co.kr/Item?goodscode=2692898603","imageUrl":"//gdimg.gmarket.co.kr/2692898603/still/400?ver=1725127052","sdBrandName":"퐁퐁","itemPrice":4500,"buyCount":3556,"reviewPoint":{"starPoint":4.78,"reviewCount":700},"isBigSmileItem":false,"isSoldOut":false,"couponDiscount":{"discountType":"R","discountPrice":"0","discountRate":"15"},"cardDiscount":{"discountRate":0},"sellerInfo":{"sellCustNo":"155104283","sellLoginId":"emartmall2","nickname":"이마트몰쓱배송","isLmoOfficialSeller":false,"isFashionSquareSeller":false,"isBrandOfficialSeller":false},"hasOption":false,"isAdult":false,"isCartVisible":true,"discountRate":0,"sellPrice":4500,"tagLabels":[{"code":0,"text":"46"}],"buyUnitCount":1,"deliveryCode":"M","rank":46,"lcode":"100000074","mcode":"200001729","scode":"300028936"},{"itemNo":"2518897663","itemName":"슈가버블 베이킹소다 2KG","itemUrl":"https://item.gmarket.co.kr/Item?goodscode=2518897663","imageUrl":"//gdimg.gmarket.co.kr/2518897663/still/400?ver=1725113905","sdBrandName":"슈가버블","itemPrice":6900,"buyCount":2052,"reviewPoint":{"starPoint":4.78,"reviewCount":497},"isBigSmileItem":false,"isSoldOut":false,"couponDiscount":{"discountType":"R","discountPrice":"0","discountRate":"15"},"cardDiscount":{"discountRate":0},"sellerInfo":{"sellCustNo":"155104283","sellLoginId":"emartmall2","nickname":"이마트몰쓱배송","isLmoOfficialSeller":false,"isFashionSquareSeller":false,"isBrandOfficialSeller":false},"hasOption":false,"isAdult":false,"isCartVisible":true,"discountRate":0,"sellPrice":6900,"tagLabels":[{"code":0,"text":"47"}],"buyUnitCount":1,"deliveryCode":"M","rank":47,"lcode":"100000074","mcode":"200001729","scode":"300021446"},{"itemNo":"3544878745","itemName":"테크 찬물강화 특유취제거 세탁세제 2.6L리필","itemUrl":"https://item.gmarket.co.kr/Item?goodscode=3544878745","imageUrl":"//gdimg.gmarket.co.kr/3544878745/still/400?ver=1725135512","sdBrandName":"테크","itemPrice":19800,"buyCount":207,"reviewPoint":{"starPoint":4.59,"reviewCount":37},"isBigSmileItem":false,"isSoldOut":false,"couponDiscount":{"discountType":"R","discountPrice":"0","discountRate":"15"},"cardDiscount":{"discountRate":0},"sellerInfo":{"sellCustNo":"155104283","sellLoginId":"emartmall2","nickname":"이마트몰쓱배송","isLmoOfficialSeller":false,"isFashionSquareSeller":false,"isBrandOfficialSeller":false},"hasOption":false,"isAdult":false,"isCartVisible":true,"discountRate":0,"sellPrice":19800,"tagLabels":[{"code":0,"text":"48"}],"buyUnitCount":1,"deliveryCode":"M","unitPrice":{"unit":100,"unitName":"mL","price":762},"rank":48,"lcode":"100000074","mcode":"200001729","scode":"300028934"},{"itemNo":"2519020319","itemName":"아우라 섬유유연제 2L(윌유 메리미)","itemUrl":"https://item.gmarket.co.kr/Item?goodscode=2519020319","imageUrl":"//gdimg.gmarket.co.kr/2519020319/still/400?ver=1725115336","sdBrandName":"샤프란","itemPrice":14900,"buyCount":1413,"reviewPoint":{"starPoint":4.84,"reviewCount":146},"isBigSmileItem":false,"isSoldOut":false,"couponDiscount":{"discountType":"R","discountPrice":"0","discountRate":"15"},"cardDiscount":{"discountRate":0},"sellerInfo":{"sellCustNo":"155104283","sellLoginId":"emartmall2","nickname":"이마트몰쓱배송","isLmoOfficialSeller":false,"isFashionSquareSeller":false,"isBrandOfficialSeller":false},"hasOption":false,"isAdult":false,"isCartVisible":true,"discountRate":0,"sellPrice":14900,"tagLabels":[{"code":0,"text":"49"}],"buyUnitCount":1,"deliveryCode":"M","unitPrice":{"unit":100,"unitName":"mL","price":745},"rank":49,"lcode":"100000074","mcode":"200001729","scode":"300028931"},{"itemNo":"2518944525","itemName":"피죤 건조기시트 120매(플라워페스티벌)","itemUrl":"https://item.gmarket.co.kr/Item?goodscode=2518944525","imageUrl":"//gdimg.gmarket.co.kr/2518944525/still/400?ver=1725112462","sdBrandName":"피죤","itemPrice":17900,"buyCount":417,"reviewPoint":{"starPoint":4.64,"reviewCount":95},"isBigSmileItem":false,"isSoldOut":false,"couponDiscount":{"discountType":"R","discountPrice":"0","discountRate":"15"},"cardDiscount":{"discountRate":0},"sellerInfo":{"sellCustNo":"155104283","sellLoginId":"emartmall2","nickname":"이마트몰쓱배송","isLmoOfficialSeller":false,"isFashionSquareSeller":false,"isBrandOfficialSeller":false},"hasOption":false,"isAdult":false,"isCartVisible":true,"discountRate":0,"sellPrice":17900,"tagLabels":[{"code":0,"text":"50"}],"buyUnitCount":1,"deliveryCode":"M","rank":50,"lcode":"100000074","mcode":"200001729","scode":"300028931"},{"itemNo":"2519098859","itemName":"3M 스카치-브라이트 올터치 막대걸레 대형","itemUrl":"https://item.gmarket.co.kr/Item?goodscode=2519098859","imageUrl":"//gdimg.gmarket.co.kr/2519098859/still/400?ver=1689183797","itemPrice":19600,"buyCount":213,"reviewPoint":{"starPoint":4.72,"reviewCount":89},"isBigSmileItem":false,"isSoldOut":false,"couponDiscount":{"discountType":"R","discountPrice":"0","discountRate":"15"},"cardDiscount":{"discountRate":0},"sellerInfo":{"sellCustNo":"155104283","sellLoginId":"emartmall2","nickname":"이마트몰쓱배송","isLmoOfficialSeller":false,"isFashionSquareSeller":false,"isBrandOfficialSeller":false},"hasOption":false,"isAdult":false,"isCartVisible":true,"discountRate":20,"sellPrice":24500,"tagLabels":[{"code":0,"text":"51"}],"buyUnitCount":1,"deliveryCode":"M","rank":51,"lcode":"100000014","mcode":"200002347","scode":"300028922"},{"itemNo":"2522158605","itemName":"다우니 퍼퓸 쥬얼 향기부스터 480G(에메랄드 브리즈)","itemUrl":"https://item.gmarket.co.kr/Item?goodscode=2522158605","imageUrl":"//gdimg.gmarket.co.kr/2522158605/still/400?ver=1725101058","sdBrandName":"다우니","itemPrice":17100,"buyCount":361,"reviewPoint":{"starPoint":4.84,"reviewCount":66},"isBigSmileItem":false,"isSoldOut":false,"couponDiscount":{"discountType":"R","discountPrice":"0","discountRate":"15"},"cardDiscount":{"discountRate":0},"sellerInfo":{"sellCustNo":"155104283","sellLoginId":"emartmall2","nickname":"이마트몰쓱배송","isLmoOfficialSeller":false,"isFashionSquareSeller":false,"isBrandOfficialSeller":false},"hasOption":false,"isAdult":false,"isCartVisible":true,"discountRate":0,"sellPrice":17100,"tagLabels":[{"code":0,"text":"52"}],"buyUnitCount":1,"deliveryCode":"M","rank":52,"lcode":"100000074","mcode":"200001729","scode":"300028931"},{"itemNo":"2625412779","itemName":"제로퀵 옷장용 5입(라벤다)","itemUrl":"https://item.gmarket.co.kr/Item?goodscode=2625412779","imageUrl":"//gdimg.gmarket.co.kr/2625412779/still/400?ver=1725100756","sdBrandName":"크린스타","itemPrice":5500,"buyCount":531,"reviewPoint":{"starPoint":4.7,"reviewCount":115},"isBigSmileItem":false,"isSoldOut":false,"couponDiscount":{"discountType":"R","discountPrice":"0","discountRate":"15"},"cardDiscount":{"discountRate":0},"sellerInfo":{"sellCustNo":"155104283","sellLoginId":"emartmall2","nickname":"이마트몰쓱배송","isLmoOfficialSeller":false,"isFashionSquareSeller":false,"isBrandOfficialSeller":false},"hasOption":false,"isAdult":false,"isCartVisible":true,"discountRate":0,"sellPrice":5500,"tagLabels":[{"code":0,"text":"53"}],"buyUnitCount":1,"deliveryCode":"M","rank":53,"lcode":"100000074","mcode":"200001730","scode":"300028938"},{"itemNo":"2518775012","itemName":"아우라 건조기시트 120매(매그놀리아)","itemUrl":"https://item.gmarket.co.kr/Item?goodscode=2518775012","imageUrl":"//gdimg.gmarket.co.kr/2518775012/still/400?ver=1725111932","sdBrandName":"샤프란","itemPrice":13900,"buyCount":550,"reviewPoint":{"starPoint":4.8,"reviewCount":106},"isBigSmileItem":false,"isSoldOut":false,"couponDiscount":{"discountType":"R","discountPrice":"0","discountRate":"15"},"cardDiscount":{"discountRate":0},"sellerInfo":{"sellCustNo":"155104283","sellLoginId":"emartmall2","nickname":"이마트몰쓱배송","isLmoOfficialSeller":false,"isFashionSquareSeller":false,"isBrandOfficialSeller":false},"hasOption":false,"isAdult":false,"isCartVisible":true,"discountRate":30,"sellPrice":19900,"tagLabels":[{"code":0,"text":"54"}],"buyUnitCount":1,"deliveryCode":"M","rank":54,"lcode":"100000074","mcode":"200001729","scode":"300028931"},{"itemNo":"2979330527","itemName":"노브랜드 곰팡이젤 150g","itemUrl":"https://item.gmarket.co.kr/Item?goodscode=2979330527","imageUrl":"//gdimg.gmarket.co.kr/2979330527/still/400?ver=1725132987","sdBrandName":"노브랜드","itemPrice":1980,"buyCount":498,"reviewPoint":{"starPoint":4.82,"reviewCount":181},"isBigSmileItem":false,"isSoldOut":false,"couponDiscount":{"discountType":"R","discountPrice":"0","discountRate":"15"},"cardDiscount":{"discountRate":0},"sellerInfo":{"sellCustNo":"155104283","sellLoginId":"emartmall2","nickname":"이마트몰쓱배송","isLmoOfficialSeller":false,"isFashionSquareSeller":false,"isBrandOfficialSeller":false},"hasOption":false,"isAdult":false,"isCartVisible":true,"discountRate":0,"sellPrice":1980,"tagLabels":[{"code":0,"text":"55"}],"buyUnitCount":1,"deliveryCode":"M","rank":55,"lcode":"100000074","mcode":"200001729","scode":"300019378"},{"itemNo":"2518358296","itemName":"유한락스 레귤러 500ML","itemUrl":"https://item.gmarket.co.kr/Item?goodscode=2518358296","imageUrl":"//gdimg.gmarket.co.kr/2518358296/still/400?ver=1725088236","sdBrandName":"유한락스","itemPrice":1620,"buyCount":1681,"reviewPoint":{"starPoint":4.8,"reviewCount":460},"isBigSmileItem":false,"isSoldOut":false,"couponDiscount":{"discountType":"R","discountPrice":"0","discountRate":"15"},"cardDiscount":{"discountRate":0},"sellerInfo":{"sellCustNo":"155104283","sellLoginId":"emartmall2","nickname":"이마트몰쓱배송","isLmoOfficialSeller":false,"isFashionSquareSeller":false,"isBrandOfficialSeller":false},"hasOption":false,"isAdult":false,"isCartVisible":true,"discountRate":0,"sellPrice":1620,"tagLabels":[{"code":0,"text":"56"}],"buyUnitCount":1,"deliveryCode":"M","rank":56,"lcode":"100000074","mcode":"200001729","scode":"300011576"},{"itemNo":"2518593019","itemName":"노브랜드 섬유유연제2.1L(화이트머스크)","itemUrl":"https://item.gmarket.co.kr/Item?goodscode=2518593019","imageUrl":"//gdimg.gmarket.co.kr/2518593019/still/400?ver=1725108730","sdBrandName":"노브랜드","itemPrice":2980,"buyCount":1969,"reviewPoint":{"starPoint":4.72,"reviewCount":628},"isBigSmileItem":false,"isSoldOut":false,"cardDiscount":{"discountRate":0},"sellerInfo":{"sellCustNo":"155104283","sellLoginId":"emartmall2","nickname":"이마트몰쓱배송","isLmoOfficialSeller":false,"isFashionSquareSeller":false,"isBrandOfficialSeller":false},"hasOption":false,"isAdult":false,"isCartVisible":true,"discountRate":0,"sellPrice":2980,"tagLabels":[{"code":0,"text":"57"}],"buyUnitCount":1,"deliveryCode":"M","unitPrice":{"unit":100,"unitName":"mL","price":142},"rank":57,"lcode":"100000074","mcode":"200001729","scode":"300028931"},{"itemNo":"2971364969","itemName":"노브랜드배수관세척제2.25L","itemUrl":"https://item.gmarket.co.kr/Item?goodscode=2971364969","imageUrl":"//gdimg.gmarket.co.kr/2971364969/still/400?ver=1725114820","sdBrandName":"노브랜드","itemPrice":2380,"buyCount":2642,"reviewPoint":{"starPoint":4.73,"reviewCount":1171},"isBigSmileItem":false,"isSoldOut":false,"cardDiscount":{"discountRate":0},"sellerInfo":{"sellCustNo":"155104283","sellLoginId":"emartmall2","nickname":"이마트몰쓱배송","isLmoOfficialSeller":false,"isFashionSquareSeller":false,"isBrandOfficialSeller":false},"hasOption":false,"isAdult":false,"isCartVisible":true,"discountRate":0,"sellPrice":2380,"tagLabels":[{"code":0,"text":"58"}],"buyUnitCount":1,"deliveryCode":"M","rank":58,"lcode":"100000074","mcode":"200001729","scode":"300021447"},{"itemNo":"3903115848","itemName":"노브랜드 더 경제적인 주방 세제 4L","itemUrl":"https://item.gmarket.co.kr/Item?goodscode=3903115848","imageUrl":"//gdimg.gmarket.co.kr/3903115848/still/400?ver=1718624927","sdBrandName":"노브랜드","itemPrice":4980,"buyCount":187,"reviewPoint":{"starPoint":4.9,"reviewCount":53},"isBigSmileItem":false,"isSoldOut":false,"couponDiscount":{"discountType":"R","discountPrice":"0","discountRate":"15"},"cardDiscount":{"discountRate":0},"sellerInfo":{"sellCustNo":"155104283","sellLoginId":"emartmall2","nickname":"이마트몰쓱배송","isLmoOfficialSeller":false,"isFashionSquareSeller":false,"isBrandOfficialSeller":false},"hasOption":false,"isAdult":false,"isCartVisible":true,"discountRate":0,"sellPrice":4980,"tagLabels":[{"code":0,"text":"59"}],"buyUnitCount":1,"deliveryCode":"M","unitPrice":{"unit":100,"unitName":"mL","price":125},"rank":59,"lcode":"100000074","mcode":"200001729","scode":"300028936"},{"itemNo":"2518843752","itemName":"피죤 고농축 퍼퓸 2L(라피에스타)","itemUrl":"https://item.gmarket.co.kr/Item?goodscode=2518843752","imageUrl":"//gdimg.gmarket.co.kr/2518843752/still/400?ver=1725113195","sdBrandName":"피죤","itemPrice":11900,"buyCount":529,"reviewPoint":{"starPoint":4.79,"reviewCount":116},"isBigSmileItem":false,"isSoldOut":false,"couponDiscount":{"discountType":"R","discountPrice":"0","discountRate":"15"},"cardDiscount":{"discountRate":0},"sellerInfo":{"sellCustNo":"155104283","sellLoginId":"emartmall2","nickname":"이마트몰쓱배송","isLmoOfficialSeller":false,"isFashionSquareSeller":false,"isBrandOfficialSeller":false},"hasOption":false,"isAdult":false,"isCartVisible":true,"discountRate":0,"sellPrice":11900,"tagLabels":[{"code":0,"text":"60"}],"buyUnitCount":1,"deliveryCode":"M","unitPrice":{"unit":100,"unitName":"mL","price":595},"rank":60,"lcode":"100000074","mcode":"200001729","scode":"300028931"},{"itemNo":"2518977757","itemName":"비트 찬물전용 분말세제 6KG","itemUrl":"https://item.gmarket.co.kr/Item?goodscode=2518977757","imageUrl":"//gdimg.gmarket.co.kr/2518977757/still/400?ver=1725116027","sdBrandName":"비트","itemPrice":16900,"buyCount":717,"reviewPoint":{"starPoint":4.82,"reviewCount":185},"isBigSmileItem":false,"isSoldOut":false,"couponDiscount":{"discountType":"R","discountPrice":"0","discountRate":"15"},"cardDiscount":{"discountRate":0},"sellerInfo":{"sellCustNo":"155104283","sellLoginId":"emartmall2","nickname":"이마트몰쓱배송","isLmoOfficialSeller":false,"isFashionSquareSeller":false,"isBrandOfficialSeller":false},"hasOption":false,"isAdult":false,"isCartVisible":true,"discountRate":0,"sellPrice":16900,"tagLabels":[{"code":0,"text":"61"}],"buyUnitCount":1,"deliveryCode":"M","rank":61,"lcode":"100000074","mcode":"200001729","scode":"300028934"},{"itemNo":"2522812698","itemName":"홈스타 욕실 하수구 클리너(1회분)","itemUrl":"https://item.gmarket.co.kr/Item?goodscode=2522812698","imageUrl":"//gdimg.gmarket.co.kr/2522812698/still/400?ver=1725105810","itemPrice":9800,"buyCount":1124,"reviewPoint":{"starPoint":4.83,"reviewCount":149},"isBigSmileItem":false,"isSoldOut":false,"couponDiscount":{"discountType":"R","discountPrice":"0","discountRate":"15"},"cardDiscount":{"discountRate":0},"sellerInfo":{"sellCustNo":"155104283","sellLoginId":"emartmall2","nickname":"이마트몰쓱배송","isLmoOfficialSeller":false,"isFashionSquareSeller":false,"isBrandOfficialSeller":false},"hasOption":false,"isAdult":false,"isCartVisible":true,"discountRate":0,"sellPrice":9800,"tagLabels":[{"code":0,"text":"62"}],"buyUnitCount":1,"deliveryCode":"M","rank":62,"lcode":"100000074","mcode":"200001729","scode":"300024736"},{"itemNo":"2523114726","itemName":"피죤 고농축 퍼퓸2L(플라워페스티벌)","itemUrl":"https://item.gmarket.co.kr/Item?goodscode=2523114726","imageUrl":"//gdimg.gmarket.co.kr/2523114726/still/400?ver=1725100327","sdBrandName":"피죤","itemPrice":11900,"buyCount":308,"reviewPoint":{"starPoint":4.76,"reviewCount":60},"isBigSmileItem":false,"isSoldOut":false,"couponDiscount":{"discountType":"R","discountPrice":"0","discountRate":"15"},"cardDiscount":{"discountRate":0},"sellerInfo":{"sellCustNo":"155104283","sellLoginId":"emartmall2","nickname":"이마트몰쓱배송","isLmoOfficialSeller":false,"isFashionSquareSeller":false,"isBrandOfficialSeller":false},"hasOption":false,"isAdult":false,"isCartVisible":true,"discountRate":0,"sellPrice":11900,"tagLabels":[{"code":0,"text":"63"}],"buyUnitCount":1,"deliveryCode":"M","unitPrice":{"unit":100,"unitName":"mL","price":595},"rank":63,"lcode":"100000074","mcode":"200001729","scode":"300028931"},{"itemNo":"2523127778","itemName":"엄마의 선택 베이킹소다 2KG","itemUrl":"https://item.gmarket.co.kr/Item?goodscode=2523127778","imageUrl":"//gdimg.gmarket.co.kr/2523127778/still/400?ver=1725119363","sdBrandName":"애경","itemPrice":5500,"buyCount":382,"reviewPoint":{"starPoint":4.8,"reviewCount":149},"isBigSmileItem":false,"isSoldOut":false,"couponDiscount":{"discountType":"R","discountPrice":"0","discountRate":"15"},"cardDiscount":{"discountRate":0},"sellerInfo":{"sellCustNo":"155104283","sellLoginId":"emartmall2","nickname":"이마트몰쓱배송","isLmoOfficialSeller":false,"isFashionSquareSeller":false,"isBrandOfficialSeller":false},"hasOption":false,"isAdult":false,"isCartVisible":true,"discountRate":0,"sellPrice":5500,"tagLabels":[{"code":0,"text":"64"}],"buyUnitCount":1,"deliveryCode":"M","rank":64,"lcode":"100000074","mcode":"200001729","scode":"300019385"},{"itemNo":"2523329913","itemName":"홈스타 변기세정제40G X 4P","itemUrl":"https://item.gmarket.co.kr/Item?goodscode=2523329913","imageUrl":"//gdimg.gmarket.co.kr/2523329913/still/400?ver=1725099945","sdBrandName":"홈스타","itemPrice":3500,"buyCount":3249,"reviewPoint":{"starPoint":4.78,"reviewCount":416},"isBigSmileItem":false,"isSoldOut":false,"couponDiscount":{"discountType":"R","discountPrice":"0","discountRate":"15"},"cardDiscount":{"discountRate":0},"sellerInfo":{"sellCustNo":"155104283","sellLoginId":"emartmall2","nickname":"이마트몰쓱배송","isLmoOfficialSeller":false,"isFashionSquareSeller":false,"isBrandOfficialSeller":false},"hasOption":false,"isAdult":false,"isCartVisible":true,"discountRate":0,"sellPrice":3500,"tagLabels":[{"code":0,"text":"65"}],"buyUnitCount":1,"deliveryCode":"M","rank":65,"lcode":"100000074","mcode":"200001729","scode":"300021446"},{"itemNo":"2523460673","itemName":"홈스타 세면대 배수관 클리너","itemUrl":"https://item.gmarket.co.kr/Item?goodscode=2523460673","imageUrl":"//gdimg.gmarket.co.kr/2523460673/still/400?ver=1725100949","sdBrandName":"홈스타","itemPrice":9800,"buyCount":1705,"reviewPoint":{"starPoint":4.85,"reviewCount":270},"isBigSmileItem":false,"isSoldOut":false,"couponDiscount":{"discountType":"R","discountPrice":"0","discountRate":"15"},"cardDiscount":{"discountRate":0},"sellerInfo":{"sellCustNo":"155104283","sellLoginId":"emartmall2","nickname":"이마트몰쓱배송","isLmoOfficialSeller":false,"isFashionSquareSeller":false,"isBrandOfficialSeller":false},"hasOption":false,"isAdult":false,"isCartVisible":true,"discountRate":0,"sellPrice":9800,"tagLabels":[{"code":0,"text":"66"}],"buyUnitCount":1,"deliveryCode":"M","rank":66,"lcode":"100000074","mcode":"200001729","scode":"300021446"},{"itemNo":"2523606922","itemName":"테크 산소크린 표백제2.4L","itemUrl":"https://item.gmarket.co.kr/Item?goodscode=2523606922","imageUrl":"//gdimg.gmarket.co.kr/2523606922/still/400?ver=1725102833","sdBrandName":"테크","itemPrice":15900,"buyCount":81,"reviewPoint":{"starPoint":5,"reviewCount":12},"isBigSmileItem":false,"isSoldOut":false,"couponDiscount":{"discountType":"R","discountPrice":"0","discountRate":"15"},"cardDiscount":{"discountRate":0},"sellerInfo":{"sellCustNo":"155104283","sellLoginId":"emartmall2","nickname":"이마트몰쓱배송","isLmoOfficialSeller":false,"isFashionSquareSeller":false,"isBrandOfficialSeller":false},"hasOption":false,"isAdult":false,"isCartVisible":true,"discountRate":0,"sellPrice":15900,"tagLabels":[{"code":0,"text":"67"}],"buyUnitCount":1,"deliveryCode":"M","rank":67,"lcode":"100000074","mcode":"200001729","scode":"300028937"},{"itemNo":"2572643353","itemName":"홈스타 락스와세제 폼형 900ML2(후레쉬)","itemUrl":"https://item.gmarket.co.kr/Item?goodscode=2572643353","imageUrl":"//gdimg.gmarket.co.kr/2572643353/still/400?ver=1725124166","sdBrandName":"홈스타","itemPrice":7900,"buyCount":419,"reviewPoint":{"starPoint":4.81,"reviewCount":126},"isBigSmileItem":false,"isSoldOut":false,"couponDiscount":{"discountType":"R","discountPrice":"0","discountRate":"15"},"cardDiscount":{"discountRate":0},"sellerInfo":{"sellCustNo":"155104283","sellLoginId":"emartmall2","nickname":"이마트몰쓱배송","isLmoOfficialSeller":false,"isFashionSquareSeller":false,"isBrandOfficialSeller":false},"hasOption":false,"isAdult":false,"isCartVisible":true,"discountRate":20,"sellPrice":9900,"tagLabels":[{"code":0,"text":"68"}],"buyUnitCount":1,"deliveryCode":"M","unitPrice":{"unit":100,"unitName":"mL","price":439},"rank":68,"lcode":"100000074","mcode":"200001729","scode":"300028934"},{"itemNo":"3644358601","itemName":"프로쉬 식기세척기 세제 30입(그린레몬)","itemUrl":"https://item.gmarket.co.kr/Item?goodscode=3644358601","imageUrl":"//gdimg.gmarket.co.kr/3644358601/still/400?ver=1725138753","sdBrandName":"프로쉬","itemPrice":12900,"buyCount":68,"reviewPoint":{"starPoint":5,"reviewCount":18},"isBigSmileItem":false,"isSoldOut":false,"couponDiscount":{"discountType":"R","discountPrice":"0","discountRate":"15"},"cardDiscount":{"discountRate":0},"sellerInfo":{"sellCustNo":"155104283","sellLoginId":"emartmall2","nickname":"이마트몰쓱배송","isLmoOfficialSeller":false,"isFashionSquareSeller":false,"isBrandOfficialSeller":false},"hasOption":false,"isAdult":false,"isCartVisible":true,"discountRate":13,"sellPrice":14900,"tagLabels":[{"code":0,"text":"69"}],"buyUnitCount":1,"deliveryCode":"M","rank":69,"lcode":"100000074","mcode":"200001729","scode":"300028935"},{"itemNo":"2519428498","itemName":"노브랜드 길어서 좋은 샤워타월 2P","itemUrl":"https://item.gmarket.co.kr/Item?goodscode=2519428498","imageUrl":"//gdimg.gmarket.co.kr/2519428498/still/400?ver=1725124887","itemPrice":2580,"buyCount":1970,"reviewPoint":{"starPoint":4.75,"reviewCount":735},"isBigSmileItem":false,"isSoldOut":false,"cardDiscount":{"discountRate":0},"sellerInfo":{"sellCustNo":"155104283","sellLoginId":"emartmall2","nickname":"이마트몰쓱배송","isLmoOfficialSeller":false,"isFashionSquareSeller":false,"isBrandOfficialSeller":false},"hasOption":false,"isAdult":false,"isCartVisible":true,"discountRate":0,"sellPrice":2580,"tagLabels":[{"code":0,"text":"70"}],"buyUnitCount":1,"deliveryCode":"M","rank":70,"lcode":"100000014","mcode":"200002344","scode":"300028898"},{"itemNo":"2979330519","itemName":"노브랜드 섬유유연제 4L 쁘띠 코튼케이크향","itemUrl":"https://item.gmarket.co.kr/Item?goodscode=2979330519","imageUrl":"//gdimg.gmarket.co.kr/2979330519/still/400?ver=1725491588","sdBrandName":"노브랜드","itemPrice":4980,"buyCount":615,"reviewPoint":{"starPoint":4.78,"reviewCount":220},"isBigSmileItem":false,"isSoldOut":false,"cardDiscount":{"discountRate":0},"sellerInfo":{"sellCustNo":"155104283","sellLoginId":"emartmall2","nickname":"이마트몰쓱배송","isLmoOfficialSeller":false,"isFashionSquareSeller":false,"isBrandOfficialSeller":false},"hasOption":false,"isAdult":false,"isCartVisible":true,"discountRate":0,"sellPrice":4980,"tagLabels":[{"code":0,"text":"71"}],"buyUnitCount":1,"deliveryCode":"M","unitPrice":{"unit":100,"unitName":"mL","price":125},"rank":71,"lcode":"100000074","mcode":"200001729","scode":"300028931"},{"itemNo":"3721547528","itemName":"노브랜드 베이킹소다 2KG","itemUrl":"https://item.gmarket.co.kr/Item?goodscode=3721547528","imageUrl":"//gdimg.gmarket.co.kr/3721547528/still/400?ver=1725139468","sdBrandName":"노브랜드","itemPrice":4980,"buyCount":117,"reviewPoint":{"starPoint":4.73,"reviewCount":53},"isBigSmileItem":false,"isSoldOut":false,"couponDiscount":{"discountType":"R","discountPrice":"0","discountRate":"15"},"cardDiscount":{"discountRate":0},"sellerInfo":{"sellCustNo":"155104283","sellLoginId":"emartmall2","nickname":"이마트몰쓱배송","isLmoOfficialSeller":false,"isFashionSquareSeller":false,"isBrandOfficialSeller":false},"hasOption":false,"isAdult":false,"isCartVisible":true,"discountRate":0,"sellPrice":4980,"tagLabels":[{"code":0,"text":"72"}],"buyUnitCount":1,"deliveryCode":"M","rank":72,"lcode":"100000074","mcode":"200001729","scode":"300019385"},{"itemNo":"2522413218","itemName":"3M 넥스케어 딥클렌징 샤워타올","itemUrl":"https://item.gmarket.co.kr/Item?goodscode=2522413218","imageUrl":"//gdimg.gmarket.co.kr/2522413218/still/400?ver=1725101650","itemPrice":2320,"buyCount":2355,"reviewPoint":{"starPoint":4.79,"reviewCount":769},"isBigSmileItem":false,"isSoldOut":false,"couponDiscount":{"discountType":"R","discountPrice":"0","discountRate":"15"},"cardDiscount":{"discountRate":0},"sellerInfo":{"sellCustNo":"155104283","sellLoginId":"emartmall2","nickname":"이마트몰쓱배송","isLmoOfficialSeller":false,"isFashionSquareSeller":false,"isBrandOfficialSeller":false},"hasOption":false,"isAdult":false,"isCartVisible":true,"discountRate":20,"sellPrice":2900,"tagLabels":[{"code":0,"text":"73"}],"buyUnitCount":1,"deliveryCode":"M","rank":73,"lcode":"100000014","mcode":"200002344","scode":"300028898"},{"itemNo":"2891533946","itemName":"프릴 그린파워 알로에베라 700ml 용기","itemUrl":"https://item.gmarket.co.kr/Item?goodscode=2891533946","imageUrl":"//gdimg.gmarket.co.kr/2891533946/still/400?ver=1725128502","sdBrandName":"프릴","itemPrice":6900,"buyCount":281,"reviewPoint":{"starPoint":4.75,"reviewCount":49},"isBigSmileItem":false,"isSoldOut":false,"couponDiscount":{"discountType":"R","discountPrice":"0","discountRate":"15"},"cardDiscount":{"discountRate":0},"sellerInfo":{"sellCustNo":"155104283","sellLoginId":"emartmall2","nickname":"이마트몰쓱배송","isLmoOfficialSeller":false,"isFashionSquareSeller":false,"isBrandOfficialSeller":false},"hasOption":false,"isAdult":false,"isCartVisible":true,"discountRate":0,"sellPrice":6900,"tagLabels":[{"code":0,"text":"74"}],"buyUnitCount":1,"deliveryCode":"M","unitPrice":{"unit":100,"unitName":"mL","price":986},"rank":74,"lcode":"100000074","mcode":"200001729","scode":"300028936"},{"itemNo":"2519426930","itemName":"슈가버블 레몬크러쉬 주방세제 2.5L+470ML","itemUrl":"https://item.gmarket.co.kr/Item?goodscode=2519426930","imageUrl":"//gdimg.gmarket.co.kr/2519426930/still/400?ver=1725122006","sdBrandName":"슈가버블","itemPrice":7500,"buyCount":275,"reviewPoint":{"starPoint":4.76,"reviewCount":61},"isBigSmileItem":false,"isSoldOut":false,"couponDiscount":{"discountType":"R","discountPrice":"0","discountRate":"15"},"cardDiscount":{"discountRate":0},"sellerInfo":{"sellCustNo":"155104283","sellLoginId":"emartmall2","nickname":"이마트몰쓱배송","isLmoOfficialSeller":false,"isFashionSquareSeller":false,"isBrandOfficialSeller":false},"hasOption":false,"isAdult":false,"isCartVisible":true,"discountRate":24,"sellPrice":9900,"tagLabels":[{"code":0,"text":"75"}],"buyUnitCount":1,"deliveryCode":"M","rank":75,"lcode":"100000074","mcode":"200001729","scode":"300028936"},{"itemNo":"2903930011","itemName":"슈가버블 버블원샷 캡슐세제 50입","itemUrl":"https://item.gmarket.co.kr/Item?goodscode=2903930011","imageUrl":"//gdimg.gmarket.co.kr/2903930011/still/400?ver=1725129032","sdBrandName":"슈가버블","itemPrice":8950,"buyCount":686,"reviewPoint":{"starPoint":4.83,"reviewCount":203},"isBigSmileItem":false,"isSoldOut":false,"couponDiscount":{"discountType":"R","discountPrice":"0","discountRate":"15"},"cardDiscount":{"discountRate":0},"sellerInfo":{"sellCustNo":"155104283","sellLoginId":"emartmall2","nickname":"이마트몰쓱배송","isLmoOfficialSeller":false,"isFashionSquareSeller":false,"isBrandOfficialSeller":false},"hasOption":false,"isAdult":false,"isCartVisible":true,"discountRate":50,"sellPrice":17900,"tagLabels":[{"code":0,"text":"76"}],"buyUnitCount":1,"deliveryCode":"M","rank":76,"lcode":"100000074","mcode":"200001729","scode":"300028934"},{"itemNo":"2522461876","itemName":"노브랜드 섬유유연제 2.1L (라벤더블룸)","itemUrl":"https://item.gmarket.co.kr/Item?goodscode=2522461876","imageUrl":"//gdimg.gmarket.co.kr/2522461876/still/400?ver=1725102031","sdBrandName":"노브랜드","itemPrice":2980,"buyCount":1523,"reviewPoint":{"starPoint":4.69,"reviewCount":485},"isBigSmileItem":false,"isSoldOut":false,"cardDiscount":{"discountRate":0},"sellerInfo":{"sellCustNo":"155104283","sellLoginId":"emartmall2","nickname":"이마트몰쓱배송","isLmoOfficialSeller":false,"isFashionSquareSeller":false,"isBrandOfficialSeller":false},"hasOption":false,"isAdult":false,"isCartVisible":true,"discountRate":0,"sellPrice":2980,"tagLabels":[{"code":0,"text":"77"}],"buyUnitCount":1,"deliveryCode":"M","unitPrice":{"unit":100,"unitName":"mL","price":142},"rank":77,"lcode":"100000074","mcode":"200001729","scode":"300028931"},{"itemNo":"2518728577","itemName":"유한락스 유한락스 1.8L","itemUrl":"https://item.gmarket.co.kr/Item?goodscode=2518728577","imageUrl":"//gdimg.gmarket.co.kr/2518728577/still/400?ver=1725092291","sdBrandName":"유한락스","itemPrice":4640,"buyCount":1123,"reviewPoint":{"starPoint":4.81,"reviewCount":282},"isBigSmileItem":false,"isSoldOut":false,"couponDiscount":{"discountType":"R","discountPrice":"0","discountRate":"15"},"cardDiscount":{"discountRate":0},"sellerInfo":{"sellCustNo":"155104283","sellLoginId":"emartmall2","nickname":"이마트몰쓱배송","isLmoOfficialSeller":false,"isFashionSquareSeller":false,"isBrandOfficialSeller":false},"hasOption":false,"isAdult":false,"isCartVisible":true,"discountRate":0,"sellPrice":4640,"tagLabels":[{"code":0,"text":"78"}],"buyUnitCount":1,"deliveryCode":"M","unitPrice":{"unit":100,"unitName":"mL","price":258},"rank":78,"lcode":"100000074","mcode":"200001729","scode":"300011576"},{"itemNo":"2518733481","itemName":"피죤 블루비앙카 2.1 (New)","itemUrl":"https://item.gmarket.co.kr/Item?goodscode=2518733481","imageUrl":"//gdimg.gmarket.co.kr/2518733481/still/400?ver=1725091465","sdBrandName":"피죤","itemPrice":3500,"buyCount":7707,"reviewPoint":{"starPoint":4.85,"reviewCount":569},"isBigSmileItem":false,"isSoldOut":false,"couponDiscount":{"discountType":"R","discountPrice":"0","discountRate":"15"},"cardDiscount":{"discountRate":0},"sellerInfo":{"sellCustNo":"155104283","sellLoginId":"emartmall2","nickname":"이마트몰쓱배송","isLmoOfficialSeller":false,"isFashionSquareSeller":false,"isBrandOfficialSeller":false},"hasOption":false,"isAdult":false,"isCartVisible":true,"discountRate":0,"sellPrice":3500,"tagLabels":[{"code":0,"text":"79"}],"buyUnitCount":1,"deliveryCode":"M","unitPrice":{"unit":100,"unitName":"mL","price":167},"rank":79,"lcode":"100000074","mcode":"200001729","scode":"300028931"},{"itemNo":"2523287320","itemName":"노브랜드 주방세제 1L","itemUrl":"https://item.gmarket.co.kr/Item?goodscode=2523287320","imageUrl":"//gdimg.gmarket.co.kr/2523287320/still/400?ver=1725100083","sdBrandName":"노브랜드","itemPrice":2980,"buyCount":1734,"reviewPoint":{"starPoint":4.79,"reviewCount":474},"isBigSmileItem":false,"isSoldOut":false,"cardDiscount":{"discountRate":0},"sellerInfo":{"sellCustNo":"155104283","sellLoginId":"emartmall2","nickname":"이마트몰쓱배송","isLmoOfficialSeller":false,"isFashionSquareSeller":false,"isBrandOfficialSeller":false},"hasOption":false,"isAdult":false,"isCartVisible":true,"discountRate":0,"sellPrice":2980,"tagLabels":[{"code":0,"text":"80"}],"buyUnitCount":1,"deliveryCode":"M","unitPrice":{"unit":100,"unitName":"mL","price":298},"rank":80,"lcode":"100000074","mcode":"200001729","scode":"300028936"},{"itemNo":"2763319038","itemName":"피지 디나자임딥클린 세탁세제 2.2L(프레쉬)","itemUrl":"https://item.gmarket.co.kr/Item?goodscode=2763319038","imageUrl":"//gdimg.gmarket.co.kr/2763319038/still/400?ver=1725130656","sdBrandName":"피지","itemPrice":19900,"buyCount":248,"reviewPoint":{"starPoint":4.88,"reviewCount":62},"isBigSmileItem":false,"isSoldOut":false,"couponDiscount":{"discountType":"R","discountPrice":"0","discountRate":"15"},"cardDiscount":{"discountRate":0},"sellerInfo":{"sellCustNo":"155104283","sellLoginId":"emartmall2","nickname":"이마트몰쓱배송","isLmoOfficialSeller":false,"isFashionSquareSeller":false,"isBrandOfficialSeller":false},"hasOption":false,"isAdult":false,"isCartVisible":true,"discountRate":0,"sellPrice":19900,"tagLabels":[{"code":0,"text":"81"}],"buyUnitCount":1,"deliveryCode":"M","rank":81,"lcode":"100000074","mcode":"200001729","scode":"300028934"},{"itemNo":"3452850320","itemName":"아우라 생화캡슐 2.3L리필(프레시릴리)","itemUrl":"https://item.gmarket.co.kr/Item?goodscode=3452850320","imageUrl":"//gdimg.gmarket.co.kr/3452850320/still/400?ver=1725136767","sdBrandName":"아우라","itemPrice":7900,"buyCount":210,"reviewPoint":{"starPoint":4.87,"reviewCount":63},"isBigSmileItem":false,"isSoldOut":false,"couponDiscount":{"discountType":"R","discountPrice":"0","discountRate":"15"},"cardDiscount":{"discountRate":0},"sellerInfo":{"sellCustNo":"155104283","sellLoginId":"emartmall2","nickname":"이마트몰쓱배송","isLmoOfficialSeller":false,"isFashionSquareSeller":false,"isBrandOfficialSeller":false},"hasOption":false,"isAdult":false,"isCartVisible":true,"discountRate":0,"sellPrice":7900,"tagLabels":[{"code":0,"text":"82"}],"buyUnitCount":1,"deliveryCode":"M","unitPrice":{"unit":100,"unitName":"mL","price":343},"rank":82,"lcode":"100000074","mcode":"200001729","scode":"300028931"},{"itemNo":"3721191855","itemName":"홈스타 막힌곳을부탁해 매직펑펑 2L","itemUrl":"https://item.gmarket.co.kr/Item?goodscode=3721191855","imageUrl":"//gdimg.gmarket.co.kr/3721191855/still/400?ver=1725138566","sdBrandName":"홈스타","itemPrice":2500,"buyCount":2038,"reviewPoint":{"starPoint":4.77,"reviewCount":542},"isBigSmileItem":false,"isSoldOut":false,"couponDiscount":{"discountType":"R","discountPrice":"0","discountRate":"15"},"cardDiscount":{"discountRate":0},"sellerInfo":{"sellCustNo":"155104283","sellLoginId":"emartmall2","nickname":"이마트몰쓱배송","isLmoOfficialSeller":false,"isFashionSquareSeller":false,"isBrandOfficialSeller":false},"hasOption":false,"isAdult":false,"isCartVisible":true,"discountRate":0,"sellPrice":2500,"tagLabels":[{"code":0,"text":"83"}],"buyUnitCount":1,"deliveryCode":"M","rank":83,"lcode":"100000074","mcode":"200001729","scode":"300011576"},{"itemNo":"2522693889","itemName":"유한락스 세탁조세정제 500ML","itemUrl":"https://item.gmarket.co.kr/Item?goodscode=2522693889","imageUrl":"//gdimg.gmarket.co.kr/2522693889/still/400?ver=1725103021","sdBrandName":"유한락스","itemPrice":4300,"buyCount":693,"reviewPoint":{"starPoint":4.83,"reviewCount":192},"isBigSmileItem":false,"isSoldOut":false,"couponDiscount":{"discountType":"R","discountPrice":"0","discountRate":"15"},"cardDiscount":{"discountRate":0},"sellerInfo":{"sellCustNo":"155104283","sellLoginId":"emartmall2","nickname":"이마트몰쓱배송","isLmoOfficialSeller":false,"isFashionSquareSeller":false,"isBrandOfficialSeller":false},"hasOption":false,"isAdult":false,"isCartVisible":true,"discountRate":0,"sellPrice":4300,"tagLabels":[{"code":0,"text":"84"}],"buyUnitCount":1,"deliveryCode":"M","rank":84,"lcode":"100000074","mcode":"200001729","scode":"300019379"},{"itemNo":"2523154759","itemName":"제로퀵 서랍장용 20입(시트로넬라)","itemUrl":"https://item.gmarket.co.kr/Item?goodscode=2523154759","imageUrl":"//gdimg.gmarket.co.kr/2523154759/still/400?ver=1725100574","sdBrandName":"제로퀵","itemPrice":5500,"buyCount":244,"reviewPoint":{"starPoint":4.59,"reviewCount":39},"isBigSmileItem":false,"isSoldOut":false,"couponDiscount":{"discountType":"R","discountPrice":"0","discountRate":"15"},"cardDiscount":{"discountRate":0},"sellerInfo":{"sellCustNo":"155104283","sellLoginId":"emartmall2","nickname":"이마트몰쓱배송","isLmoOfficialSeller":false,"isFashionSquareSeller":false,"isBrandOfficialSeller":false},"hasOption":false,"isAdult":false,"isCartVisible":true,"discountRate":0,"sellPrice":5500,"tagLabels":[{"code":0,"text":"85"}],"buyUnitCount":1,"deliveryCode":"M","rank":85,"lcode":"100000074","mcode":"200001730","scode":"300028938"},{"itemNo":"2612842667","itemName":"락앤락 튼튼한 빨래건조대","itemUrl":"https://item.gmarket.co.kr/Item?goodscode=2612842667","imageUrl":"//gdimg.gmarket.co.kr/2612842667/still/400?ver=1714076818","itemPrice":43900,"buyCount":113,"reviewPoint":{"starPoint":4.68,"reviewCount":64},"isBigSmileItem":false,"isSoldOut":false,"couponDiscount":{"discountType":"R","discountPrice":"0","discountRate":"15"},"cardDiscount":{"discountRate":0},"sellerInfo":{"sellCustNo":"155104283","sellLoginId":"emartmall2","nickname":"이마트몰쓱배송","isLmoOfficialSeller":false,"isFashionSquareSeller":false,"isBrandOfficialSeller":false},"hasOption":false,"isAdult":false,"isCartVisible":true,"discountRate":0,"sellPrice":43900,"tagLabels":[{"code":0,"text":"86"}],"buyUnitCount":1,"deliveryCode":"M","rank":86,"lcode":"100000014","mcode":"200000460","scode":"300028878"},{"itemNo":"2518506535","itemName":"소키찌든때전용비누150g","itemUrl":"https://item.gmarket.co.kr/Item?goodscode=2518506535","imageUrl":"//gdimg.gmarket.co.kr/2518506535/still/400?ver=1725087986","sdBrandName":"무궁화","itemPrice":1300,"buyCount":2401,"reviewPoint":{"starPoint":4.76,"reviewCount":645},"isBigSmileItem":false,"isSoldOut":false,"couponDiscount":{"discountType":"R","discountPrice":"0","discountRate":"15"},"cardDiscount":{"discountRate":0},"sellerInfo":{"sellCustNo":"155104283","sellLoginId":"emartmall2","nickname":"이마트몰쓱배송","isLmoOfficialSeller":false,"isFashionSquareSeller":false,"isBrandOfficialSeller":false},"hasOption":false,"isAdult":false,"isCartVisible":true,"discountRate":0,"sellPrice":1300,"tagLabels":[{"code":0,"text":"87"}],"buyUnitCount":1,"deliveryCode":"M","rank":87,"lcode":"100000074","mcode":"200001729","scode":"300028930"},{"itemNo":"2518790468","itemName":"수압상승 샤워헤드/샤워기","itemUrl":"https://item.gmarket.co.kr/Item?goodscode=2518790468","imageUrl":"//gdimg.gmarket.co.kr/2518790468/still/400?ver=1725092293","itemPrice":14500,"buyCount":130,"reviewPoint":{"starPoint":4.7,"reviewCount":36},"isBigSmileItem":false,"isSoldOut":false,"couponDiscount":{"discountType":"R","discountPrice":"0","discountRate":"15"},"cardDiscount":{"discountRate":0},"sellerInfo":{"sellCustNo":"155104283","sellLoginId":"emartmall2","nickname":"이마트몰쓱배송","isLmoOfficialSeller":false,"isFashionSquareSeller":false,"isBrandOfficialSeller":false},"hasOption":false,"isAdult":false,"isCartVisible":true,"discountRate":0,"sellPrice":14500,"tagLabels":[{"code":0,"text":"88"}],"buyUnitCount":1,"deliveryCode":"M","rank":88,"lcode":"100000014","mcode":"200002346","scode":"300028893"},{"itemNo":"2518843213","itemName":"컴배트 프로 바퀴살충제 주사기형 55G","itemUrl":"https://item.gmarket.co.kr/Item?goodscode=2518843213","imageUrl":"//gdimg.gmarket.co.kr/2518843213/still/400?ver=1725113364","sdBrandName":"헨켈","itemPrice":14900,"buyCount":41,"reviewPoint":{"starPoint":4.82,"reviewCount":24},"isBigSmileItem":false,"isSoldOut":false,"couponDiscount":{"discountType":"R","discountPrice":"0","discountRate":"15"},"cardDiscount":{"discountRate":0},"sellerInfo":{"sellCustNo":"155104283","sellLoginId":"emartmall2","nickname":"이마트몰쓱배송","isLmoOfficialSeller":false,"isFashionSquareSeller":false,"isBrandOfficialSeller":false},"hasOption":false,"isAdult":false,"isCartVisible":true,"discountRate":0,"sellPrice":14900,"tagLabels":[{"code":0,"text":"89"}],"buyUnitCount":1,"deliveryCode":"M","rank":89,"lcode":"100000074","mcode":"200002202","scode":"300019449"},{"itemNo":"2518965723","itemName":"암앤해머 냉장고탈취제 75G 부착형 2입","itemUrl":"https://item.gmarket.co.kr/Item?goodscode=2518965723","imageUrl":"//gdimg.gmarket.co.kr/2518965723/still/400?ver=1725121838","sdBrandName":"암앤해머","itemPrice":11900,"buyCount":81,"reviewPoint":{"starPoint":4.56,"reviewCount":23},"isBigSmileItem":false,"isSoldOut":false,"couponDiscount":{"discountType":"R","discountPrice":"0","discountRate":"15"},"cardDiscount":{"discountRate":0},"sellerInfo":{"sellCustNo":"155104283","sellLoginId":"emartmall2","nickname":"이마트몰쓱배송","isLmoOfficialSeller":false,"isFashionSquareSeller":false,"isBrandOfficialSeller":false},"hasOption":false,"isAdult":false,"isCartVisible":true,"discountRate":0,"sellPrice":11900,"tagLabels":[{"code":0,"text":"90"}],"buyUnitCount":1,"deliveryCode":"M","rank":90,"lcode":"100000074","mcode":"200001730","scode":"300024716"},{"itemNo":"2519020112","itemName":"아우라 섬유유연제 2L(홀리데이 판타지)","itemUrl":"https://item.gmarket.co.kr/Item?goodscode=2519020112","imageUrl":"//gdimg.gmarket.co.kr/2519020112/still/400?ver=1725115319","sdBrandName":"샤프란","itemPrice":14900,"buyCount":509,"reviewPoint":{"starPoint":4.89,"reviewCount":67},"isBigSmileItem":false,"isSoldOut":false,"couponDiscount":{"discountType":"R","discountPrice":"0","discountRate":"15"},"cardDiscount":{"discountRate":0},"sellerInfo":{"sellCustNo":"155104283","sellLoginId":"emartmall2","nickname":"이마트몰쓱배송","isLmoOfficialSeller":false,"isFashionSquareSeller":false,"isBrandOfficialSeller":false},"hasOption":false,"isAdult":false,"isCartVisible":true,"discountRate":0,"sellPrice":14900,"tagLabels":[{"code":0,"text":"91"}],"buyUnitCount":1,"deliveryCode":"M","unitPrice":{"unit":100,"unitName":"mL","price":745},"rank":91,"lcode":"100000074","mcode":"200001729","scode":"300028931"},{"itemNo":"2522405786","itemName":"해피홈 좀벌레아웃 서랍장용 30개입","itemUrl":"https://item.gmarket.co.kr/Item?goodscode=2522405786","imageUrl":"//gdimg.gmarket.co.kr/2522405786/still/400?ver=1725101707","sdBrandName":"유한양행","itemPrice":10900,"buyCount":282,"reviewPoint":{"starPoint":4.72,"reviewCount":79},"isBigSmileItem":false,"isSoldOut":false,"couponDiscount":{"discountType":"R","discountPrice":"0","discountRate":"15"},"cardDiscount":{"discountRate":0},"sellerInfo":{"sellCustNo":"155104283","sellLoginId":"emartmall2","nickname":"이마트몰쓱배송","isLmoOfficialSeller":false,"isFashionSquareSeller":false,"isBrandOfficialSeller":false},"hasOption":false,"isAdult":false,"isCartVisible":true,"discountRate":0,"sellPrice":10900,"tagLabels":[{"code":0,"text":"92"}],"buyUnitCount":1,"deliveryCode":"M","rank":92,"lcode":"100000074","mcode":"200002202","scode":"300019880"},{"itemNo":"2522525531","itemName":"셀클리너 하수트랩","itemUrl":"https://item.gmarket.co.kr/Item?goodscode=2522525531","imageUrl":"//gdimg.gmarket.co.kr/2522525531/still/400?ver=1725102574","itemPrice":14900,"buyCount":36,"reviewPoint":{"starPoint":4.67,"reviewCount":12},"isBigSmileItem":false,"isSoldOut":false,"couponDiscount":{"discountType":"R","discountPrice":"0","discountRate":"15"},"cardDiscount":{"discountRate":0},"sellerInfo":{"sellCustNo":"155104283","sellLoginId":"emartmall2","nickname":"이마트몰쓱배송","isLmoOfficialSeller":false,"isFashionSquareSeller":false,"isBrandOfficialSeller":false},"hasOption":false,"isAdult":false,"isCartVisible":true,"discountRate":0,"sellPrice":14900,"tagLabels":[{"code":0,"text":"93"}],"buyUnitCount":1,"deliveryCode":"M","rank":93,"lcode":"100000014","mcode":"200002346","scode":"300028893"},{"itemNo":"2523622155","itemName":"프로쉬 세탁세제 1.5L(알로에베라)","itemUrl":"https://item.gmarket.co.kr/Item?goodscode=2523622155","imageUrl":"//gdimg.gmarket.co.kr/2523622155/still/400?ver=1725103008","sdBrandName":"프로쉬","itemPrice":16500,"buyCount":530,"reviewPoint":{"starPoint":4.86,"reviewCount":112},"isBigSmileItem":false,"isSoldOut":false,"couponDiscount":{"discountType":"R","discountPrice":"0","discountRate":"15"},"cardDiscount":{"discountRate":0},"sellerInfo":{"sellCustNo":"155104283","sellLoginId":"emartmall2","nickname":"이마트몰쓱배송","isLmoOfficialSeller":false,"isFashionSquareSeller":false,"isBrandOfficialSeller":false},"hasOption":false,"isAdult":false,"isCartVisible":true,"discountRate":0,"sellPrice":16500,"tagLabels":[{"code":0,"text":"94"}],"buyUnitCount":1,"deliveryCode":"M","unitPrice":{"unit":100,"unitName":"mL","price":1100},"rank":94,"lcode":"100000074","mcode":"200001729","scode":"300028934"},{"itemNo":"4069784355","itemName":"스토빈 레일3단서랍장 우드탑","itemUrl":"https://item.gmarket.co.kr/Item?goodscode=4069784355","imageUrl":"//gdimg.gmarket.co.kr/4069784355/still/400?ver=1724027425","itemPrice":29900,"buyCount":3,"reviewPoint":{"starPoint":0,"reviewCount":0},"isBigSmileItem":false,"isSoldOut":false,"couponDiscount":{"discountType":"R","discountPrice":"0","discountRate":"15"},"cardDiscount":{"discountRate":0},"sellerInfo":{"sellCustNo":"155104283","sellLoginId":"emartmall2","nickname":"이마트몰쓱배송","isLmoOfficialSeller":false,"isFashionSquareSeller":false,"isBrandOfficialSeller":false},"hasOption":false,"isAdult":false,"isCartVisible":true,"discountRate":0,"sellPrice":29900,"tagLabels":[{"code":0,"text":"95"}],"buyUnitCount":1,"deliveryCode":"M","rank":95,"lcode":"100000014","mcode":"200000462","scode":"300026165"},{"itemNo":"2518406254","itemName":"페브리즈 섬유탈취제 리필 320mL(은은한향)","itemUrl":"https://item.gmarket.co.kr/Item?goodscode=2518406254","imageUrl":"//gdimg.gmarket.co.kr/2518406254/still/400?ver=1725092688","sdBrandName":"페브리즈","itemPrice":5900,"buyCount":393,"reviewPoint":{"starPoint":4.83,"reviewCount":54},"isBigSmileItem":false,"isSoldOut":false,"couponDiscount":{"discountType":"R","discountPrice":"0","discountRate":"15"},"cardDiscount":{"discountRate":0},"sellerInfo":{"sellCustNo":"155104283","sellLoginId":"emartmall2","nickname":"이마트몰쓱배송","isLmoOfficialSeller":false,"isFashionSquareSeller":false,"isBrandOfficialSeller":false},"hasOption":false,"isAdult":false,"isCartVisible":true,"discountRate":0,"sellPrice":5900,"tagLabels":[{"code":0,"text":"96"}],"buyUnitCount":1,"deliveryCode":"M","rank":96,"lcode":"100000074","mcode":"200001730","scode":"300016189"},{"itemNo":"2518551339","itemName":"슈가버블 마일드 그레인 주방세제 기획 940mL2","itemUrl":"https://item.gmarket.co.kr/Item?goodscode=2518551339","imageUrl":"//gdimg.gmarket.co.kr/2518551339/still/400?ver=1725091975","sdBrandName":"슈가버블","itemPrice":8900,"buyCount":1359,"reviewPoint":{"starPoint":4.74,"reviewCount":381},"isBigSmileItem":false,"isSoldOut":false,"couponDiscount":{"discountType":"R","discountPrice":"0","discountRate":"15"},"cardDiscount":{"discountRate":0},"sellerInfo":{"sellCustNo":"155104283","sellLoginId":"emartmall2","nickname":"이마트몰쓱배송","isLmoOfficialSeller":false,"isFashionSquareSeller":false,"isBrandOfficialSeller":false},"hasOption":false,"isAdult":false,"isCartVisible":true,"discountRate":0,"sellPrice":8900,"tagLabels":[{"code":0,"text":"97"}],"buyUnitCount":1,"deliveryCode":"M","rank":97,"lcode":"100000074","mcode":"200001729","scode":"300028936"},{"itemNo":"2518693935","itemName":"페브리즈 섬유탈취제 370mL(은은한향)","itemUrl":"https://item.gmarket.co.kr/Item?goodscode=2518693935","imageUrl":"//gdimg.gmarket.co.kr/2518693935/still/400?ver=1725100811","sdBrandName":"페브리즈","itemPrice":4830,"buyCount":296,"reviewPoint":{"starPoint":4.71,"reviewCount":63},"isBigSmileItem":false,"isSoldOut":false,"couponDiscount":{"discountType":"R","discountPrice":"0","discountRate":"15"},"cardDiscount":{"discountRate":0},"sellerInfo":{"sellCustNo":"155104283","sellLoginId":"emartmall2","nickname":"이마트몰쓱배송","isLmoOfficialSeller":false,"isFashionSquareSeller":false,"isBrandOfficialSeller":false},"hasOption":false,"isAdult":false,"isCartVisible":true,"discountRate":30,"sellPrice":6900,"tagLabels":[{"code":0,"text":"98"}],"buyUnitCount":1,"deliveryCode":"M","rank":98,"lcode":"100000074","mcode":"200001730","scode":"300016189"},{"itemNo":"2518944978","itemName":"프릴 그린파워 주방세제 1L(알로에베라)","itemUrl":"https://item.gmarket.co.kr/Item?goodscode=2518944978","imageUrl":"//gdimg.gmarket.co.kr/2518944978/still/400?ver=1725113009","sdBrandName":"프릴","itemPrice":6900,"buyCount":493,"reviewPoint":{"starPoint":4.85,"reviewCount":77},"isBigSmileItem":false,"isSoldOut":false,"couponDiscount":{"discountType":"R","discountPrice":"0","discountRate":"15"},"cardDiscount":{"discountRate":0},"sellerInfo":{"sellCustNo":"155104283","sellLoginId":"emartmall2","nickname":"이마트몰쓱배송","isLmoOfficialSeller":false,"isFashionSquareSeller":false,"isBrandOfficialSeller":false},"hasOption":false,"isAdult":false,"isCartVisible":true,"discountRate":0,"sellPrice":6900,"tagLabels":[{"code":0,"text":"99"}],"buyUnitCount":1,"deliveryCode":"M","unitPrice":{"unit":100,"unitName":"mL","price":690},"rank":99,"lcode":"100000074","mcode":"200001729","scode":"300028936"},{"itemNo":"2519461129","itemName":"모이스트케어 클래식 8P","itemUrl":"https://item.gmarket.co.kr/Item?goodscode=2519461129","imageUrl":"//gdimg.gmarket.co.kr/2519461129/still/400?ver=1725100404","sdBrandName":"크린하우스","itemPrice":6900,"buyCount":344,"reviewPoint":{"starPoint":4.67,"reviewCount":150},"isBigSmileItem":false,"isSoldOut":false,"couponDiscount":{"discountType":"R","discountPrice":"0","discountRate":"15"},"cardDiscount":{"discountRate":0},"sellerInfo":{"sellCustNo":"155104283","sellLoginId":"emartmall2","nickname":"이마트몰쓱배송","isLmoOfficialSeller":false,"isFashionSquareSeller":false,"isBrandOfficialSeller":false},"hasOption":false,"isAdult":false,"isCartVisible":true,"discountRate":0,"sellPrice":6900,"tagLabels":[{"code":0,"text":"100"}],"buyUnitCount":1,"deliveryCode":"M","rank":100,"lcode":"100000074","mcode":"200001730","scode":"300028940"}]},"sortOption":"Popularity"},"bigSmileDay":{"isBigSmileDay":true,"bsdTagImageUrl":"//image.gmarket.co.kr/hanbando/202408/a4e449b9-22a7-4df9-aaa4-148d912fcc83.png","bsdTagAltText":"한가위 빅세일","bsdToggleText":"//image.gmarket.co.kr/hanbando/202408/59082f4f-8cf6-4b62-b345-1072bb0c0d3c.gif","bsdToggleBackGround":"//image.gmarket.co.kr/hanbando/202408/7911f573-e13d-4fcc-80de-3c1fbed2bfdb.png","bsdToggleUseSmileIcon":false,"bsdToggleOnAltText":"한가위 빅세일 필터 ","bsdToggleOffAltText":"한가위 빅세일 필터 "},"isSFC":false}},"__N_SSP":true},"page":"/n/smilefresh/best","query":{"categoryCode":"100002002"},"buildId":"FuleE6RJUYphys9RuEDG0","assetPrefix":"/n/smilefresh","isFallback":false,"gssp":true,"customServer":true,"scriptLoader":[]}</script><script>(function(){function c(){var b=a.contentDocument||a.contentWindow.document;if(b){var d=b.createElement('script');d.innerHTML="window.__CF$cv$params={r:'8bea758d7f5fa7dd',t:'MTcyNTU4Mzc2Ni4wMDAwMDA='};var a=document.createElement('script');a.nonce='';a.src='/cdn-cgi/challenge-platform/scripts/jsd/main.js';document.getElementsByTagName('head')[0].appendChild(a);";b.getElementsByTagName('head')[0].appendChild(d)}}if(document.body){var a=document.createElement('iframe');a.height=1;a.width=1;a.style.position='absolute';a.style.top=0;a.style.left=0;a.style.border='none';a.style.visibility='hidden';document.body.appendChild(a);if('loading'!==document.readyState)c();else if(window.addEventListener)document.addEventListener('DOMContentLoaded',c);else{var e=document.onreadystatechange||function(){};document.onreadystatechange=function(b){e(b);'loading'!==document.readyState&&(document.onreadystatechange=e,c())}}}})();</script></body></html>