<!DOCTYPE html><html lang="ko" class="no-js platform__web os__windows"><head><meta name="viewport" content="width=1260"/><meta charSet="utf-8"/><meta http-equiv="X-UA-Compatible" content="ie=edge"/><meta name="msapplication-starturl" content="https://www.gmarket.co.kr/n/smilefresh"/><meta property="og:site_name" content="Gmarket"/><meta property="og:title" content="[G마켓] 스마일프레시"/><meta property="og:type" content="website"/><meta property="og:image" content="http://pics.gmarket.co.kr/share/G_smilefresh_1.0.png"/><meta http-equiv="x-dns-prefetch-control" content="on"/><link rel="dns-prefetch" href="https://pics.gmarket.co.kr/"/><link rel="dns-prefetch" href="https://script.gmarket.co.kr/"/><link rel="dns-prefetch" href="https://image.gmarket.co.kr/"/><link rel="dns-prefetch" href="https://gdimg.gmarket.co.kr/"/><link rel="dns-prefetch" href="https://ad-img.gmarket.com/"/><meta name="p:domain_verify" content="f439a07b31c110a1a16c9a468a630af9"/><meta property="fb:admins" content="100000991027914"/><link rel="apple-touch-icon-precomposed" href="http://image.gmarket.co.kr/Gmarket_Mobile_v2/icon_01.png"/><link rel="shortcut icon" href="https://image.gmarket.co.kr/favicon/gmarket.ico"/><link rel="stylesheet" href="https://script.gmarket.co.kr/pc/css/ko/common.css"/><link rel="stylesheet" href="https://script.gmarket.co.kr/pc/css/common/kr/ui/common.css"/><link rel="stylesheet" href="https://script.gmarket.co.kr/pc/css/common/kr/swiper.min.css"/><link rel="stylesheet" href="https://script.gmarket.co.kr/pc/css/application/kr/smilefresh/app.css"/><link rel="stylesheet" href="https://script.gmarket.co.kr/pc/css/common/kr/ui/desktop_layout.css"/><link rel="preload" as="script" href="https://script.gmarket.co.kr/mobile/js/common/kr/util/viewability.js"/><link rel="preload" as="script" href="https://script.gmarket.co.kr/js/common/ats_gmkt.js"/><link rel="preload" as="script" href="https://script.gmarket.co.kr/fnp/desktop-layout.js"/><style>img[class*=no-js],.swiper-lazy.swiper-lazy-loaded{opacity:1;transition:opacity 0.2s;}img[src^=data],.swiper-lazy{opacity:0;}</style><title>스마일프레시 - 장류/양념 베스트</title><meta name="description" content="스마일프레시 베스트 상품입니다."/><meta property="og:description" content="스마일프레시 베스트 상품입니다."/><meta property="og:url" content="https://www.gmarket.co.kr/n/smilefresh/best?categoryCode=100001035"/><link rel="canonical" href="best@categoryCode=100001035.html"/><link rel="alternate" media="only screen and (max-width: 640px)" href="https://m.gmarket.co.kr/n/smilefresh/best?categoryCode=100001035"/><meta name="next-head-count" content="33"/><noscript data-n-css=""></noscript><script defer="" nomodule="" src="_next/static/chunks/polyfills-c67a75d1b6f99dc8.js"></script><script defer="" nomodule="" src="_next/static/chunks/polyfills-next-pack-2cc6155c435f3c28.js"></script><script src="_next/static/chunks/webpack-d1ca374413357f9c.js" defer=""></script><script src="_next/static/chunks/framework-0bff4c72fef67389.js" defer=""></script><script src="_next/static/chunks/main-92a66ce9cd5c1b79.js" defer=""></script><script src="_next/static/chunks/pages/_app-e41d5dd9fd26cf09.js" defer=""></script><script src="_next/static/chunks/94a7ad86-beff1d5f4916f37c.js" defer=""></script><script src="_next/static/chunks/c30a072d-b284a345e70d4a79.js" defer=""></script><script src="_next/static/chunks/971-4b1e901bc43526de.js" defer=""></script><script src="_next/static/chunks/765-5e6e5dea54f3191b.js" defer=""></script><script src="_next/static/chunks/186-c103d92344bdb142.js" defer=""></script><script src="_next/static/chunks/29-aeaaef68278b881e.js" defer=""></script><script src="_next/static/chunks/401-32b649bde914004a.js" defer=""></script><script src="_next/static/chunks/233-03ce063c0eec1686.js" defer=""></script><script src="_next/static/chunks/815-fa1dc9d1dbff1188.js" defer=""></script><script src="_next/static/chunks/pages/n/smilefresh/best-cd815d43e763bcd5.js" defer=""></script><script src="_next/static/FuleE6RJUYphys9RuEDG0/_buildManifest.js" defer=""></script><script src="_next/static/FuleE6RJUYphys9RuEDG0/_ssgManifest.js" defer=""></script></head><body class="smilefresh"><script>document.documentElement.className = document.documentElement.className.replace('no-js', 'js');</script><noscript><iframe src="https://www.googletagmanager.com/ns.html?id=GTM-MFMM9GV" height="0" width="0" style="display:none;visibility:hidden" title="smilefresh"></iframe></noscript><div id="__next" data-reactroot=""><div id="skip-navigation" class="skip-navigation-simpleheader"><strong class="for-a11y">스킵 네비게이션</strong><ul><li><a href="best@categoryCode=100001035.html#skip-navigation-search">검색창 바로가기</a></li><li><a href="best@categoryCode=100001035.html#button__category-all">전체카테고리 바로가기</a></li><li><a href="best@categoryCode=100001035.html#container">본문 바로가기</a></li></ul></div><div style="min-height:40px"></div><h2 class="for-a11y">스마일프레시 검색창</h2><div id="smile_gnb" class="smilefresh_gnb" role="complementary" style="position:relative;top:0;z-index:400"><div class="gnb_container"><div class="layout_left"><div id="_smilelnb" class="corenavi navi_allmenu"><button type="button" class="navi_opener" aria-label="스마일프레시 카테고리 메뉴" aria-expanded="false" aria-controls="smiledelivery_category_list"><p class="for-a11y">전체메뉴</p><em class="ico_hambugermenu"><span class="line1"></span><span class="line2"></span><span class="line3"></span></em></button></div><h1><a title="스마일프레시" href="../smilefresh.html"><img src="https://pics.gmarket.co.kr/pc/single/kr/smilefresh/logo_smilefresh.png" height="32" alt="스마일프레시"/></a></h1><div class="smile_search"><form method="get" action="https://www.gmarket.co.kr/n/smilefresh/search"><div class="search_box"><input type="text" class="search_input_keyword" name="keyword" title="검색어입력" aria-label="스마일프레시 검색 입력" autoComplete="off" spellcheck="false" autoCorrect="off" autoCapitalize="off" value=""/><input type="submit" value="검색" class="search_btn_ok sp_sd" style="cursor:pointer"/></div><div class="suggestion_search"></div></form></div></div><div class="layout_right"><a href="https://myg.gmarket.co.kr/ContractList/ContractList" class="link__my sp_sd--before">장본내역</a><div class="cart_guage"><a href="https://cart.gmarket.co.kr/ko/cart/smilefresh" class="cart sp_sd"><span class="for-a11y">장바구니</span></a><span class="for-a11y">장바구니에 담긴 상품수</span></div></div></div><div class="box__smilefresh"><div class="box__smilefresh-inner"><ul class="list__tab" aria-label="스마일프레시 메뉴"><li><a class="link__tab" href="../smilefresh.html">홈</a></li><li><a class="link__tab" href="brand.html">브랜드</a></li><li><a class="link__tab link__tab--active" aria-current="page" href="best.html">베스트</a></li><li><a class="link__tab" href="sale.html">행사중</a></li><li><a class="link__tab" href="freq-buy.html">자주구매</a></li></ul><a href="guide.html" class="link__guide sprite__smilefresh--after">스마일프레시 알아보기</a></div></div></div><div id="content" role="main"><div class="box__component box__smilefresh-delivery"><div class="box__component-inner"><div class="box__delivery-info login"><span class="sprite__smilefresh--before text__address"><span class="text__state">로그인</span>을 진행해 주세요</span><a class="button__address" href="best@categoryCode=100001035.html">로그인</a></div></div></div><div class="box__smilefresh-content box__smilefresh-best"><div class="box__sub-category box__sub-category-type2"><div class="box__sub-category-inner"><h2 class="text__title">스마일프레시 베스트</h2><div class="box__recomend-category category_sec" role="navigation"><div class="box__inner" style="width:1220px"><div class="swiper-container"><div class="swiper-wrapper"><div class="swiper-slide"><ul class="category_slide" aria-label="스마일프레시 베스트 메뉴"><li class="list-item"><a href="best.html"><div class="img_sec"><img data-src="//pics.gmarket.co.kr/pc/single/kr/smilefresh/image__category-all.png" class="swiper-lazy" alt=""/></div><div class="box__category-name"><div class="box__category-name-inner"><span class="category_name">전체</span></div></div></a></li><li class="list-item"><a href="best@categoryCode=100000000.html"><div class="img_sec"><img data-src="https://image.gmarket.co.kr/hanbando/202209/2f7e5c38-9606-4f1a-912e-f969e22f430f.jpg" class="swiper-lazy" alt=""/></div><div class="box__category-name"><div class="box__category-name-inner"><span class="category_name">정육/계란</span></div></div></a></li><li class="list-item"><a href="best@categoryCode=100001005.html"><div class="img_sec"><img data-src="https://image.gmarket.co.kr/hanbando/202207/efc9fa9b-b4d8-4eb4-b44d-dc8a47a8c00a.jpg" class="swiper-lazy" alt=""/></div><div class="box__category-name"><div class="box__category-name-inner"><span class="category_name">과일</span></div></div></a></li><li class="list-item"><a href="best@categoryCode=100001006.html"><div class="img_sec"><img data-src="https://image.gmarket.co.kr/hanbando/202207/287cdcc7-47f4-4949-8cdf-2bfb4ff5522e.jpg" class="swiper-lazy" alt=""/></div><div class="box__category-name"><div class="box__category-name-inner"><span class="category_name">냉동/간편식</span></div></div></a></li><li class="list-item"><a href="best@categoryCode=100001007.html"><div class="img_sec"><img data-src="https://image.gmarket.co.kr/hanbando/202207/92c7e264-61a8-4e11-ab2b-d3ad8a7b3ab6.jpg" class="swiper-lazy" alt=""/></div><div class="box__category-name"><div class="box__category-name-inner"><span class="category_name">쌀/잡곡</span></div></div></a></li><li class="list-item"><a href="best@categoryCode=100001008.html"><div class="img_sec"><img data-src="https://image.gmarket.co.kr/hanbando/202209/eb8b0652-724b-465a-800a-49436a3f5435.jpg" class="swiper-lazy" alt=""/></div><div class="box__category-name"><div class="box__category-name-inner"><span class="category_name">채소/두부</span></div></div></a></li><li class="list-item"><a href="best@categoryCode=100001010.html"><div class="img_sec"><img data-src="https://image.gmarket.co.kr/hanbando/202207/9ac23369-57e8-4299-889a-4f5360cd3c28.jpg" class="swiper-lazy" alt=""/></div><div class="box__category-name"><div class="box__category-name-inner"><span class="category_name">라면/즉석식품</span></div></div></a></li><li class="list-item"><a href="best@categoryCode=100001032.html"><div class="img_sec"><img data-src="https://image.gmarket.co.kr/hanbando/202207/a28bdf02-b436-4466-88de-d8f11ca54296.jpg" class="swiper-lazy" alt=""/></div><div class="box__category-name"><div class="box__category-name-inner"><span class="category_name">생수/음료</span></div></div></a></li><li class="list-item"><a href="best@categoryCode=100001033.html"><div class="img_sec"><img data-src="https://image.gmarket.co.kr/hanbando/202207/fd43d2b2-4f77-4e2c-b5da-58d24b91d95b.jpg" class="swiper-lazy" alt=""/></div><div class="box__category-name"><div class="box__category-name-inner"><span class="category_name">과자/아이스크림</span></div></div></a></li><li class="list-item"><a href="best@categoryCode=100001034.html"><div class="img_sec"><img data-src="https://image.gmarket.co.kr/hanbando/202207/f5f1f7ed-e6a5-4ecd-ac66-aa87756158c2.jpg" class="swiper-lazy" alt=""/></div><div class="box__category-name"><div class="box__category-name-inner"><span class="category_name">우유/유제품</span></div></div></a></li><li class="list-item list-item--active"><a aria-current="page" href="best@categoryCode=100001035.html"><div class="img_sec"><img data-src="https://image.gmarket.co.kr/hanbando/202207/089a0e40-92de-4a0e-a8cb-2a18f78c5691.jpg" class="swiper-lazy" alt=""/></div><div class="box__category-name"><div class="box__category-name-inner"><span class="category_name">장류/양념</span></div></div></a></li><li class="list-item"><a href="best@categoryCode=100001036.html"><div class="img_sec"><img data-src="https://image.gmarket.co.kr/hanbando/202207/a5b62bcd-46b5-4059-bb1b-e01878b77ef4.jpg" class="swiper-lazy" alt=""/></div><div class="box__category-name"><div class="box__category-name-inner"><span class="category_name">화장지/위생</span></div></div></a></li></ul></div><div class="swiper-slide"><ul class="category_slide" aria-label="스마일프레시 베스트 메뉴"><li class="list-item"><a href="best@categoryCode=100001037.html"><div class="img_sec"><img data-src="https://image.gmarket.co.kr/hanbando/202207/c5b6a09a-4955-4829-94d6-c62f818f2f34.jpg" class="swiper-lazy" alt=""/></div><div class="box__category-name"><div class="box__category-name-inner"><span class="category_name">커피/차</span></div></div></a></li><li class="list-item"><a href="best@categoryCode=100001038.html"><div class="img_sec"><img data-src="https://image.gmarket.co.kr/hanbando/202207/23143aa7-715d-4778-8b1e-ab87422a8d3a.jpg" class="swiper-lazy" alt=""/></div><div class="box__category-name"><div class="box__category-name-inner"><span class="category_name">수산물</span></div></div></a></li><li class="list-item"><a href="best@categoryCode=100001039.html"><div class="img_sec"><img data-src="https://image.gmarket.co.kr/hanbando/202207/85d41348-f077-4b90-b0ff-3599d16216b2.jpg" class="swiper-lazy" alt=""/></div><div class="box__category-name"><div class="box__category-name-inner"><span class="category_name">밀키트/반찬</span></div></div></a></li><li class="list-item"><a href="best@categoryCode=100002000.html"><div class="img_sec"><img data-src="https://image.gmarket.co.kr/hanbando/202208/ea1ecb73-6a2c-45f7-8a89-2e130b634a99.jpg" class="swiper-lazy" alt=""/></div><div class="box__category-name"><div class="box__category-name-inner"><span class="category_name">베이커리/잼</span></div></div></a></li><li class="list-item"><a href="best@categoryCode=100002001.html"><div class="img_sec"><img data-src="https://image.gmarket.co.kr/hanbando/202208/7088de74-301b-48ef-911c-f33ed6a22f9b.jpg" class="swiper-lazy" alt=""/></div><div class="box__category-name"><div class="box__category-name-inner"><span class="category_name">건강식품</span></div></div></a></li><li class="list-item"><a href="best@categoryCode=100002002.html"><div class="img_sec"><img data-src="https://image.gmarket.co.kr/hanbando/202208/39888525-4f61-453f-865c-83b6ca536b58.jpg" class="swiper-lazy" alt=""/></div><div class="box__category-name"><div class="box__category-name-inner"><span class="category_name">세탁/청소/욕실용품</span></div></div></a></li><li class="list-item"><a href="best@categoryCode=100002003.html"><div class="img_sec"><img data-src="https://image.gmarket.co.kr/hanbando/202208/a9484e1d-492e-4ab4-84db-1a387177dcbf.jpg" class="swiper-lazy" alt=""/></div><div class="box__category-name"><div class="box__category-name-inner"><span class="category_name">리빙</span></div></div></a></li><li class="list-item"><a href="best@categoryCode=100002004.html"><div class="img_sec"><img data-src="https://image.gmarket.co.kr/hanbando/202208/e0d7614a-763e-4d90-b696-b20c76e890ca.jpg" class="swiper-lazy" alt=""/></div><div class="box__category-name"><div class="box__category-name-inner"><span class="category_name">주방/일회용품</span></div></div></a></li><li class="list-item"><a href="best@categoryCode=100002005.html"><div class="img_sec"><img data-src="https://image.gmarket.co.kr/hanbando/202208/231a3b36-5d05-467d-a33a-8651b9cf19c6.jpg" class="swiper-lazy" alt=""/></div><div class="box__category-name"><div class="box__category-name-inner"><span class="category_name">생활잡화/공구</span></div></div></a></li><li class="list-item"><a href="best@categoryCode=100002006.html"><div class="img_sec"><img data-src="https://image.gmarket.co.kr/hanbando/202208/692a0b18-2063-4f86-a0af-3f7bbee09696.jpg" class="swiper-lazy" alt=""/></div><div class="box__category-name"><div class="box__category-name-inner"><span class="category_name">반려동물</span></div></div></a></li><li class="list-item"><a href="best@categoryCode=100002007.html"><div class="img_sec"><img data-src="https://image.gmarket.co.kr/hanbando/202208/ba755a2e-4a11-472c-92f0-6b82f671b1f8.jpg" class="swiper-lazy" alt=""/></div><div class="box__category-name"><div class="box__category-name-inner"><span class="category_name">뷰티</span></div></div></a></li><li class="list-item"><a href="best@categoryCode=100002008.html"><div class="img_sec"><img data-src="https://image.gmarket.co.kr/hanbando/202208/fd6fb0fe-4f81-48ea-bec2-5cc37db6fa18.jpg" class="swiper-lazy" alt=""/></div><div class="box__category-name"><div class="box__category-name-inner"><span class="category_name">유아동/출산/완구</span></div></div></a></li></ul></div><div class="swiper-slide"><ul class="category_slide" aria-label="스마일프레시 베스트 메뉴"><li class="list-item"><a href="best@categoryCode=100002009.html"><div class="img_sec"><img data-src="https://image.gmarket.co.kr/hanbando/202208/315ccf35-b333-4017-b664-ccb1ba966ef0.jpg" class="swiper-lazy" alt=""/></div><div class="box__category-name"><div class="box__category-name-inner"><span class="category_name">패션/언더웨어</span></div></div></a></li><li class="list-item"><a href="best@categoryCode=100002010.html"><div class="img_sec"><img data-src="https://image.gmarket.co.kr/hanbando/202208/30fc0d1d-ea15-4e02-8f50-f144d06423ca.jpg" class="swiper-lazy" alt=""/></div><div class="box__category-name"><div class="box__category-name-inner"><span class="category_name">잡화/슈즈/명품</span></div></div></a></li><li class="list-item"><a href="best@categoryCode=100002011.html"><div class="img_sec"><img data-src="https://image.gmarket.co.kr/hanbando/202208/fa99b668-5f13-496e-a62d-dce329ead7cc.jpg" class="swiper-lazy" alt=""/></div><div class="box__category-name"><div class="box__category-name-inner"><span class="category_name">스포츠/레저/자동차</span></div></div></a></li><li class="list-item"><a href="best@categoryCode=100002012.html"><div class="img_sec"><img data-src="https://image.gmarket.co.kr/hanbando/202208/f38a6d26-1cc0-4b33-bf23-f933c2190252.jpg" class="swiper-lazy" alt=""/></div><div class="box__category-name"><div class="box__category-name-inner"><span class="category_name">디지털/가전</span></div></div></a></li><li class="list-item"><a href="best@categoryCode=100002013.html"><div class="img_sec"><img data-src="https://image.gmarket.co.kr/hanbando/202208/edd14751-f54a-48ff-ae9a-15a33b10c06c.jpg" class="swiper-lazy" alt=""/></div><div class="box__category-name"><div class="box__category-name-inner"><span class="category_name">문구/취미/도서</span></div></div></a></li><li class="list-item"><a href="best.html"><div class="img_sec"><img data-src="//pics.gmarket.co.kr/pc/single/kr/smilefresh/image__category-all.png" class="swiper-lazy" alt=""/></div><div class="box__category-name"><div class="box__category-name-inner"><span class="category_name">전체</span></div></div></a></li><li class="list-item"><a href="best@categoryCode=100000000.html"><div class="img_sec"><img data-src="https://image.gmarket.co.kr/hanbando/202209/2f7e5c38-9606-4f1a-912e-f969e22f430f.jpg" class="swiper-lazy" alt=""/></div><div class="box__category-name"><div class="box__category-name-inner"><span class="category_name">정육/계란</span></div></div></a></li><li class="list-item"><a href="best@categoryCode=100001005.html"><div class="img_sec"><img data-src="https://image.gmarket.co.kr/hanbando/202207/efc9fa9b-b4d8-4eb4-b44d-dc8a47a8c00a.jpg" class="swiper-lazy" alt=""/></div><div class="box__category-name"><div class="box__category-name-inner"><span class="category_name">과일</span></div></div></a></li><li class="list-item"><a href="best@categoryCode=100001006.html"><div class="img_sec"><img data-src="https://image.gmarket.co.kr/hanbando/202207/287cdcc7-47f4-4949-8cdf-2bfb4ff5522e.jpg" class="swiper-lazy" alt=""/></div><div class="box__category-name"><div class="box__category-name-inner"><span class="category_name">냉동/간편식</span></div></div></a></li><li class="list-item"><a href="best@categoryCode=100001007.html"><div class="img_sec"><img data-src="https://image.gmarket.co.kr/hanbando/202207/92c7e264-61a8-4e11-ab2b-d3ad8a7b3ab6.jpg" class="swiper-lazy" alt=""/></div><div class="box__category-name"><div class="box__category-name-inner"><span class="category_name">쌀/잡곡</span></div></div></a></li><li class="list-item"><a href="best@categoryCode=100001008.html"><div class="img_sec"><img data-src="https://image.gmarket.co.kr/hanbando/202209/eb8b0652-724b-465a-800a-49436a3f5435.jpg" class="swiper-lazy" alt=""/></div><div class="box__category-name"><div class="box__category-name-inner"><span class="category_name">채소/두부</span></div></div></a></li><li class="list-item"><a href="best@categoryCode=100001010.html"><div class="img_sec"><img data-src="https://image.gmarket.co.kr/hanbando/202207/9ac23369-57e8-4299-889a-4f5360cd3c28.jpg" class="swiper-lazy" alt=""/></div><div class="box__category-name"><div class="box__category-name-inner"><span class="category_name">라면/즉석식품</span></div></div></a></li></ul></div><div class="swiper-slide"><ul class="category_slide" aria-label="스마일프레시 베스트 메뉴"><li class="list-item"><a href="best@categoryCode=100001032.html"><div class="img_sec"><img data-src="https://image.gmarket.co.kr/hanbando/202207/a28bdf02-b436-4466-88de-d8f11ca54296.jpg" class="swiper-lazy" alt=""/></div><div class="box__category-name"><div class="box__category-name-inner"><span class="category_name">생수/음료</span></div></div></a></li><li class="list-item"><a href="best@categoryCode=100001033.html"><div class="img_sec"><img data-src="https://image.gmarket.co.kr/hanbando/202207/fd43d2b2-4f77-4e2c-b5da-58d24b91d95b.jpg" class="swiper-lazy" alt=""/></div><div class="box__category-name"><div class="box__category-name-inner"><span class="category_name">과자/아이스크림</span></div></div></a></li><li class="list-item"><a href="best@categoryCode=100001034.html"><div class="img_sec"><img data-src="https://image.gmarket.co.kr/hanbando/202207/f5f1f7ed-e6a5-4ecd-ac66-aa87756158c2.jpg" class="swiper-lazy" alt=""/></div><div class="box__category-name"><div class="box__category-name-inner"><span class="category_name">우유/유제품</span></div></div></a></li><li class="list-item list-item--active"><a aria-current="page" href="best@categoryCode=100001035.html"><div class="img_sec"><img data-src="https://image.gmarket.co.kr/hanbando/202207/089a0e40-92de-4a0e-a8cb-2a18f78c5691.jpg" class="swiper-lazy" alt=""/></div><div class="box__category-name"><div class="box__category-name-inner"><span class="category_name">장류/양념</span></div></div></a></li><li class="list-item"><a href="best@categoryCode=100001036.html"><div class="img_sec"><img data-src="https://image.gmarket.co.kr/hanbando/202207/a5b62bcd-46b5-4059-bb1b-e01878b77ef4.jpg" class="swiper-lazy" alt=""/></div><div class="box__category-name"><div class="box__category-name-inner"><span class="category_name">화장지/위생</span></div></div></a></li><li class="list-item"><a href="best@categoryCode=100001037.html"><div class="img_sec"><img data-src="https://image.gmarket.co.kr/hanbando/202207/c5b6a09a-4955-4829-94d6-c62f818f2f34.jpg" class="swiper-lazy" alt=""/></div><div class="box__category-name"><div class="box__category-name-inner"><span class="category_name">커피/차</span></div></div></a></li><li class="list-item"><a href="best@categoryCode=100001038.html"><div class="img_sec"><img data-src="https://image.gmarket.co.kr/hanbando/202207/23143aa7-715d-4778-8b1e-ab87422a8d3a.jpg" class="swiper-lazy" alt=""/></div><div class="box__category-name"><div class="box__category-name-inner"><span class="category_name">수산물</span></div></div></a></li><li class="list-item"><a href="best@categoryCode=100001039.html"><div class="img_sec"><img data-src="https://image.gmarket.co.kr/hanbando/202207/85d41348-f077-4b90-b0ff-3599d16216b2.jpg" class="swiper-lazy" alt=""/></div><div class="box__category-name"><div class="box__category-name-inner"><span class="category_name">밀키트/반찬</span></div></div></a></li><li class="list-item"><a href="best@categoryCode=100002000.html"><div class="img_sec"><img data-src="https://image.gmarket.co.kr/hanbando/202208/ea1ecb73-6a2c-45f7-8a89-2e130b634a99.jpg" class="swiper-lazy" alt=""/></div><div class="box__category-name"><div class="box__category-name-inner"><span class="category_name">베이커리/잼</span></div></div></a></li><li class="list-item"><a href="best@categoryCode=100002001.html"><div class="img_sec"><img data-src="https://image.gmarket.co.kr/hanbando/202208/7088de74-301b-48ef-911c-f33ed6a22f9b.jpg" class="swiper-lazy" alt=""/></div><div class="box__category-name"><div class="box__category-name-inner"><span class="category_name">건강식품</span></div></div></a></li><li class="list-item"><a href="best@categoryCode=100002002.html"><div class="img_sec"><img data-src="https://image.gmarket.co.kr/hanbando/202208/39888525-4f61-453f-865c-83b6ca536b58.jpg" class="swiper-lazy" alt=""/></div><div class="box__category-name"><div class="box__category-name-inner"><span class="category_name">세탁/청소/욕실용품</span></div></div></a></li><li class="list-item"><a href="best@categoryCode=100002003.html"><div class="img_sec"><img data-src="https://image.gmarket.co.kr/hanbando/202208/a9484e1d-492e-4ab4-84db-1a387177dcbf.jpg" class="swiper-lazy" alt=""/></div><div class="box__category-name"><div class="box__category-name-inner"><span class="category_name">리빙</span></div></div></a></li></ul></div><div class="swiper-slide"><ul class="category_slide" aria-label="스마일프레시 베스트 메뉴"><li class="list-item"><a href="best@categoryCode=100002004.html"><div class="img_sec"><img data-src="https://image.gmarket.co.kr/hanbando/202208/e0d7614a-763e-4d90-b696-b20c76e890ca.jpg" class="swiper-lazy" alt=""/></div><div class="box__category-name"><div class="box__category-name-inner"><span class="category_name">주방/일회용품</span></div></div></a></li><li class="list-item"><a href="best@categoryCode=100002005.html"><div class="img_sec"><img data-src="https://image.gmarket.co.kr/hanbando/202208/231a3b36-5d05-467d-a33a-8651b9cf19c6.jpg" class="swiper-lazy" alt=""/></div><div class="box__category-name"><div class="box__category-name-inner"><span class="category_name">생활잡화/공구</span></div></div></a></li><li class="list-item"><a href="best@categoryCode=100002006.html"><div class="img_sec"><img data-src="https://image.gmarket.co.kr/hanbando/202208/692a0b18-2063-4f86-a0af-3f7bbee09696.jpg" class="swiper-lazy" alt=""/></div><div class="box__category-name"><div class="box__category-name-inner"><span class="category_name">반려동물</span></div></div></a></li><li class="list-item"><a href="best@categoryCode=100002007.html"><div class="img_sec"><img data-src="https://image.gmarket.co.kr/hanbando/202208/ba755a2e-4a11-472c-92f0-6b82f671b1f8.jpg" class="swiper-lazy" alt=""/></div><div class="box__category-name"><div class="box__category-name-inner"><span class="category_name">뷰티</span></div></div></a></li><li class="list-item"><a href="best@categoryCode=100002008.html"><div class="img_sec"><img data-src="https://image.gmarket.co.kr/hanbando/202208/fd6fb0fe-4f81-48ea-bec2-5cc37db6fa18.jpg" class="swiper-lazy" alt=""/></div><div class="box__category-name"><div class="box__category-name-inner"><span class="category_name">유아동/출산/완구</span></div></div></a></li><li class="list-item"><a href="best@categoryCode=100002009.html"><div class="img_sec"><img data-src="https://image.gmarket.co.kr/hanbando/202208/315ccf35-b333-4017-b664-ccb1ba966ef0.jpg" class="swiper-lazy" alt=""/></div><div class="box__category-name"><div class="box__category-name-inner"><span class="category_name">패션/언더웨어</span></div></div></a></li><li class="list-item"><a href="best@categoryCode=100002010.html"><div class="img_sec"><img data-src="https://image.gmarket.co.kr/hanbando/202208/30fc0d1d-ea15-4e02-8f50-f144d06423ca.jpg" class="swiper-lazy" alt=""/></div><div class="box__category-name"><div class="box__category-name-inner"><span class="category_name">잡화/슈즈/명품</span></div></div></a></li><li class="list-item"><a href="best@categoryCode=100002011.html"><div class="img_sec"><img data-src="https://image.gmarket.co.kr/hanbando/202208/fa99b668-5f13-496e-a62d-dce329ead7cc.jpg" class="swiper-lazy" alt=""/></div><div class="box__category-name"><div class="box__category-name-inner"><span class="category_name">스포츠/레저/자동차</span></div></div></a></li><li class="list-item"><a href="best@categoryCode=100002012.html"><div class="img_sec"><img data-src="https://image.gmarket.co.kr/hanbando/202208/f38a6d26-1cc0-4b33-bf23-f933c2190252.jpg" class="swiper-lazy" alt=""/></div><div class="box__category-name"><div class="box__category-name-inner"><span class="category_name">디지털/가전</span></div></div></a></li><li class="list-item"><a href="best@categoryCode=100002013.html"><div class="img_sec"><img data-src="https://image.gmarket.co.kr/hanbando/202208/edd14751-f54a-48ff-ae9a-15a33b10c06c.jpg" class="swiper-lazy" alt=""/></div><div class="box__category-name"><div class="box__category-name-inner"><span class="category_name">문구/취미/도서</span></div></div></a></li><li class="list-item"><a href="best.html"><div class="img_sec"><img data-src="//pics.gmarket.co.kr/pc/single/kr/smilefresh/image__category-all.png" class="swiper-lazy" alt=""/></div><div class="box__category-name"><div class="box__category-name-inner"><span class="category_name">전체</span></div></div></a></li><li class="list-item"><a href="best@categoryCode=100000000.html"><div class="img_sec"><img data-src="https://image.gmarket.co.kr/hanbando/202209/2f7e5c38-9606-4f1a-912e-f969e22f430f.jpg" class="swiper-lazy" alt=""/></div><div class="box__category-name"><div class="box__category-name-inner"><span class="category_name">정육/계란</span></div></div></a></li></ul></div><div class="swiper-slide"><ul class="category_slide" aria-label="스마일프레시 베스트 메뉴"><li class="list-item"><a href="best@categoryCode=100001005.html"><div class="img_sec"><img data-src="https://image.gmarket.co.kr/hanbando/202207/efc9fa9b-b4d8-4eb4-b44d-dc8a47a8c00a.jpg" class="swiper-lazy" alt=""/></div><div class="box__category-name"><div class="box__category-name-inner"><span class="category_name">과일</span></div></div></a></li><li class="list-item"><a href="best@categoryCode=100001006.html"><div class="img_sec"><img data-src="https://image.gmarket.co.kr/hanbando/202207/287cdcc7-47f4-4949-8cdf-2bfb4ff5522e.jpg" class="swiper-lazy" alt=""/></div><div class="box__category-name"><div class="box__category-name-inner"><span class="category_name">냉동/간편식</span></div></div></a></li><li class="list-item"><a href="best@categoryCode=100001007.html"><div class="img_sec"><img data-src="https://image.gmarket.co.kr/hanbando/202207/92c7e264-61a8-4e11-ab2b-d3ad8a7b3ab6.jpg" class="swiper-lazy" alt=""/></div><div class="box__category-name"><div class="box__category-name-inner"><span class="category_name">쌀/잡곡</span></div></div></a></li><li class="list-item"><a href="best@categoryCode=100001008.html"><div class="img_sec"><img data-src="https://image.gmarket.co.kr/hanbando/202209/eb8b0652-724b-465a-800a-49436a3f5435.jpg" class="swiper-lazy" alt=""/></div><div class="box__category-name"><div class="box__category-name-inner"><span class="category_name">채소/두부</span></div></div></a></li><li class="list-item"><a href="best@categoryCode=100001010.html"><div class="img_sec"><img data-src="https://image.gmarket.co.kr/hanbando/202207/9ac23369-57e8-4299-889a-4f5360cd3c28.jpg" class="swiper-lazy" alt=""/></div><div class="box__category-name"><div class="box__category-name-inner"><span class="category_name">라면/즉석식품</span></div></div></a></li><li class="list-item"><a href="best@categoryCode=100001032.html"><div class="img_sec"><img data-src="https://image.gmarket.co.kr/hanbando/202207/a28bdf02-b436-4466-88de-d8f11ca54296.jpg" class="swiper-lazy" alt=""/></div><div class="box__category-name"><div class="box__category-name-inner"><span class="category_name">생수/음료</span></div></div></a></li><li class="list-item"><a href="best@categoryCode=100001033.html"><div class="img_sec"><img data-src="https://image.gmarket.co.kr/hanbando/202207/fd43d2b2-4f77-4e2c-b5da-58d24b91d95b.jpg" class="swiper-lazy" alt=""/></div><div class="box__category-name"><div class="box__category-name-inner"><span class="category_name">과자/아이스크림</span></div></div></a></li><li class="list-item"><a href="best@categoryCode=100001034.html"><div class="img_sec"><img data-src="https://image.gmarket.co.kr/hanbando/202207/f5f1f7ed-e6a5-4ecd-ac66-aa87756158c2.jpg" class="swiper-lazy" alt=""/></div><div class="box__category-name"><div class="box__category-name-inner"><span class="category_name">우유/유제품</span></div></div></a></li><li class="list-item list-item--active"><a aria-current="page" href="best@categoryCode=100001035.html"><div class="img_sec"><img data-src="https://image.gmarket.co.kr/hanbando/202207/089a0e40-92de-4a0e-a8cb-2a18f78c5691.jpg" class="swiper-lazy" alt=""/></div><div class="box__category-name"><div class="box__category-name-inner"><span class="category_name">장류/양념</span></div></div></a></li><li class="list-item"><a href="best@categoryCode=100001036.html"><div class="img_sec"><img data-src="https://image.gmarket.co.kr/hanbando/202207/a5b62bcd-46b5-4059-bb1b-e01878b77ef4.jpg" class="swiper-lazy" alt=""/></div><div class="box__category-name"><div class="box__category-name-inner"><span class="category_name">화장지/위생</span></div></div></a></li><li class="list-item"><a href="best@categoryCode=100001037.html"><div class="img_sec"><img data-src="https://image.gmarket.co.kr/hanbando/202207/c5b6a09a-4955-4829-94d6-c62f818f2f34.jpg" class="swiper-lazy" alt=""/></div><div class="box__category-name"><div class="box__category-name-inner"><span class="category_name">커피/차</span></div></div></a></li><li class="list-item"><a href="best@categoryCode=100001038.html"><div class="img_sec"><img data-src="https://image.gmarket.co.kr/hanbando/202207/23143aa7-715d-4778-8b1e-ab87422a8d3a.jpg" class="swiper-lazy" alt=""/></div><div class="box__category-name"><div class="box__category-name-inner"><span class="category_name">수산물</span></div></div></a></li></ul></div><div class="swiper-slide"><ul class="category_slide" aria-label="스마일프레시 베스트 메뉴"><li class="list-item"><a href="best@categoryCode=100001039.html"><div class="img_sec"><img data-src="https://image.gmarket.co.kr/hanbando/202207/85d41348-f077-4b90-b0ff-3599d16216b2.jpg" class="swiper-lazy" alt=""/></div><div class="box__category-name"><div class="box__category-name-inner"><span class="category_name">밀키트/반찬</span></div></div></a></li><li class="list-item"><a href="best@categoryCode=100002000.html"><div class="img_sec"><img data-src="https://image.gmarket.co.kr/hanbando/202208/ea1ecb73-6a2c-45f7-8a89-2e130b634a99.jpg" class="swiper-lazy" alt=""/></div><div class="box__category-name"><div class="box__category-name-inner"><span class="category_name">베이커리/잼</span></div></div></a></li><li class="list-item"><a href="best@categoryCode=100002001.html"><div class="img_sec"><img data-src="https://image.gmarket.co.kr/hanbando/202208/7088de74-301b-48ef-911c-f33ed6a22f9b.jpg" class="swiper-lazy" alt=""/></div><div class="box__category-name"><div class="box__category-name-inner"><span class="category_name">건강식품</span></div></div></a></li><li class="list-item"><a href="best@categoryCode=100002002.html"><div class="img_sec"><img data-src="https://image.gmarket.co.kr/hanbando/202208/39888525-4f61-453f-865c-83b6ca536b58.jpg" class="swiper-lazy" alt=""/></div><div class="box__category-name"><div class="box__category-name-inner"><span class="category_name">세탁/청소/욕실용품</span></div></div></a></li><li class="list-item"><a href="best@categoryCode=100002003.html"><div class="img_sec"><img data-src="https://image.gmarket.co.kr/hanbando/202208/a9484e1d-492e-4ab4-84db-1a387177dcbf.jpg" class="swiper-lazy" alt=""/></div><div class="box__category-name"><div class="box__category-name-inner"><span class="category_name">리빙</span></div></div></a></li><li class="list-item"><a href="best@categoryCode=100002004.html"><div class="img_sec"><img data-src="https://image.gmarket.co.kr/hanbando/202208/e0d7614a-763e-4d90-b696-b20c76e890ca.jpg" class="swiper-lazy" alt=""/></div><div class="box__category-name"><div class="box__category-name-inner"><span class="category_name">주방/일회용품</span></div></div></a></li><li class="list-item"><a href="best@categoryCode=100002005.html"><div class="img_sec"><img data-src="https://image.gmarket.co.kr/hanbando/202208/231a3b36-5d05-467d-a33a-8651b9cf19c6.jpg" class="swiper-lazy" alt=""/></div><div class="box__category-name"><div class="box__category-name-inner"><span class="category_name">생활잡화/공구</span></div></div></a></li><li class="list-item"><a href="best@categoryCode=100002006.html"><div class="img_sec"><img data-src="https://image.gmarket.co.kr/hanbando/202208/692a0b18-2063-4f86-a0af-3f7bbee09696.jpg" class="swiper-lazy" alt=""/></div><div class="box__category-name"><div class="box__category-name-inner"><span class="category_name">반려동물</span></div></div></a></li><li class="list-item"><a href="best@categoryCode=100002007.html"><div class="img_sec"><img data-src="https://image.gmarket.co.kr/hanbando/202208/ba755a2e-4a11-472c-92f0-6b82f671b1f8.jpg" class="swiper-lazy" alt=""/></div><div class="box__category-name"><div class="box__category-name-inner"><span class="category_name">뷰티</span></div></div></a></li><li class="list-item"><a href="best@categoryCode=100002008.html"><div class="img_sec"><img data-src="https://image.gmarket.co.kr/hanbando/202208/fd6fb0fe-4f81-48ea-bec2-5cc37db6fa18.jpg" class="swiper-lazy" alt=""/></div><div class="box__category-name"><div class="box__category-name-inner"><span class="category_name">유아동/출산/완구</span></div></div></a></li><li class="list-item"><a href="best@categoryCode=100002009.html"><div class="img_sec"><img data-src="https://image.gmarket.co.kr/hanbando/202208/315ccf35-b333-4017-b664-ccb1ba966ef0.jpg" class="swiper-lazy" alt=""/></div><div class="box__category-name"><div class="box__category-name-inner"><span class="category_name">패션/언더웨어</span></div></div></a></li><li class="list-item"><a href="best@categoryCode=100002010.html"><div class="img_sec"><img data-src="https://image.gmarket.co.kr/hanbando/202208/30fc0d1d-ea15-4e02-8f50-f144d06423ca.jpg" class="swiper-lazy" alt=""/></div><div class="box__category-name"><div class="box__category-name-inner"><span class="category_name">잡화/슈즈/명품</span></div></div></a></li></ul></div><div class="swiper-slide"><ul class="category_slide" aria-label="스마일프레시 베스트 메뉴"><li class="list-item"><a href="best@categoryCode=100002011.html"><div class="img_sec"><img data-src="https://image.gmarket.co.kr/hanbando/202208/fa99b668-5f13-496e-a62d-dce329ead7cc.jpg" class="swiper-lazy" alt=""/></div><div class="box__category-name"><div class="box__category-name-inner"><span class="category_name">스포츠/레저/자동차</span></div></div></a></li><li class="list-item"><a href="best@categoryCode=100002012.html"><div class="img_sec"><img data-src="https://image.gmarket.co.kr/hanbando/202208/f38a6d26-1cc0-4b33-bf23-f933c2190252.jpg" class="swiper-lazy" alt=""/></div><div class="box__category-name"><div class="box__category-name-inner"><span class="category_name">디지털/가전</span></div></div></a></li><li class="list-item"><a href="best@categoryCode=100002013.html"><div class="img_sec"><img data-src="https://image.gmarket.co.kr/hanbando/202208/edd14751-f54a-48ff-ae9a-15a33b10c06c.jpg" class="swiper-lazy" alt=""/></div><div class="box__category-name"><div class="box__category-name-inner"><span class="category_name">문구/취미/도서</span></div></div></a></li><li class="list-item"><a href="best.html"><div class="img_sec"><img data-src="//pics.gmarket.co.kr/pc/single/kr/smilefresh/image__category-all.png" class="swiper-lazy" alt=""/></div><div class="box__category-name"><div class="box__category-name-inner"><span class="category_name">전체</span></div></div></a></li><li class="list-item"><a href="best@categoryCode=100000000.html"><div class="img_sec"><img data-src="https://image.gmarket.co.kr/hanbando/202209/2f7e5c38-9606-4f1a-912e-f969e22f430f.jpg" class="swiper-lazy" alt=""/></div><div class="box__category-name"><div class="box__category-name-inner"><span class="category_name">정육/계란</span></div></div></a></li><li class="list-item"><a href="best@categoryCode=100001005.html"><div class="img_sec"><img data-src="https://image.gmarket.co.kr/hanbando/202207/efc9fa9b-b4d8-4eb4-b44d-dc8a47a8c00a.jpg" class="swiper-lazy" alt=""/></div><div class="box__category-name"><div class="box__category-name-inner"><span class="category_name">과일</span></div></div></a></li><li class="list-item"><a href="best@categoryCode=100001006.html"><div class="img_sec"><img data-src="https://image.gmarket.co.kr/hanbando/202207/287cdcc7-47f4-4949-8cdf-2bfb4ff5522e.jpg" class="swiper-lazy" alt=""/></div><div class="box__category-name"><div class="box__category-name-inner"><span class="category_name">냉동/간편식</span></div></div></a></li><li class="list-item"><a href="best@categoryCode=100001007.html"><div class="img_sec"><img data-src="https://image.gmarket.co.kr/hanbando/202207/92c7e264-61a8-4e11-ab2b-d3ad8a7b3ab6.jpg" class="swiper-lazy" alt=""/></div><div class="box__category-name"><div class="box__category-name-inner"><span class="category_name">쌀/잡곡</span></div></div></a></li><li class="list-item"><a href="best@categoryCode=100001008.html"><div class="img_sec"><img data-src="https://image.gmarket.co.kr/hanbando/202209/eb8b0652-724b-465a-800a-49436a3f5435.jpg" class="swiper-lazy" alt=""/></div><div class="box__category-name"><div class="box__category-name-inner"><span class="category_name">채소/두부</span></div></div></a></li><li class="list-item"><a href="best@categoryCode=100001010.html"><div class="img_sec"><img data-src="https://image.gmarket.co.kr/hanbando/202207/9ac23369-57e8-4299-889a-4f5360cd3c28.jpg" class="swiper-lazy" alt=""/></div><div class="box__category-name"><div class="box__category-name-inner"><span class="category_name">라면/즉석식품</span></div></div></a></li><li class="list-item"><a href="best@categoryCode=100001032.html"><div class="img_sec"><img data-src="https://image.gmarket.co.kr/hanbando/202207/a28bdf02-b436-4466-88de-d8f11ca54296.jpg" class="swiper-lazy" alt=""/></div><div class="box__category-name"><div class="box__category-name-inner"><span class="category_name">생수/음료</span></div></div></a></li><li class="list-item"><a href="best@categoryCode=100001033.html"><div class="img_sec"><img data-src="https://image.gmarket.co.kr/hanbando/202207/fd43d2b2-4f77-4e2c-b5da-58d24b91d95b.jpg" class="swiper-lazy" alt=""/></div><div class="box__category-name"><div class="box__category-name-inner"><span class="category_name">과자/아이스크림</span></div></div></a></li></ul></div><div class="swiper-slide"><ul class="category_slide" aria-label="스마일프레시 베스트 메뉴"><li class="list-item"><a href="best@categoryCode=100001034.html"><div class="img_sec"><img data-src="https://image.gmarket.co.kr/hanbando/202207/f5f1f7ed-e6a5-4ecd-ac66-aa87756158c2.jpg" class="swiper-lazy" alt=""/></div><div class="box__category-name"><div class="box__category-name-inner"><span class="category_name">우유/유제품</span></div></div></a></li><li class="list-item list-item--active"><a aria-current="page" href="best@categoryCode=100001035.html"><div class="img_sec"><img data-src="https://image.gmarket.co.kr/hanbando/202207/089a0e40-92de-4a0e-a8cb-2a18f78c5691.jpg" class="swiper-lazy" alt=""/></div><div class="box__category-name"><div class="box__category-name-inner"><span class="category_name">장류/양념</span></div></div></a></li><li class="list-item"><a href="best@categoryCode=100001036.html"><div class="img_sec"><img data-src="https://image.gmarket.co.kr/hanbando/202207/a5b62bcd-46b5-4059-bb1b-e01878b77ef4.jpg" class="swiper-lazy" alt=""/></div><div class="box__category-name"><div class="box__category-name-inner"><span class="category_name">화장지/위생</span></div></div></a></li><li class="list-item"><a href="best@categoryCode=100001037.html"><div class="img_sec"><img data-src="https://image.gmarket.co.kr/hanbando/202207/c5b6a09a-4955-4829-94d6-c62f818f2f34.jpg" class="swiper-lazy" alt=""/></div><div class="box__category-name"><div class="box__category-name-inner"><span class="category_name">커피/차</span></div></div></a></li><li class="list-item"><a href="best@categoryCode=100001038.html"><div class="img_sec"><img data-src="https://image.gmarket.co.kr/hanbando/202207/23143aa7-715d-4778-8b1e-ab87422a8d3a.jpg" class="swiper-lazy" alt=""/></div><div class="box__category-name"><div class="box__category-name-inner"><span class="category_name">수산물</span></div></div></a></li><li class="list-item"><a href="best@categoryCode=100001039.html"><div class="img_sec"><img data-src="https://image.gmarket.co.kr/hanbando/202207/85d41348-f077-4b90-b0ff-3599d16216b2.jpg" class="swiper-lazy" alt=""/></div><div class="box__category-name"><div class="box__category-name-inner"><span class="category_name">밀키트/반찬</span></div></div></a></li><li class="list-item"><a href="best@categoryCode=100002000.html"><div class="img_sec"><img data-src="https://image.gmarket.co.kr/hanbando/202208/ea1ecb73-6a2c-45f7-8a89-2e130b634a99.jpg" class="swiper-lazy" alt=""/></div><div class="box__category-name"><div class="box__category-name-inner"><span class="category_name">베이커리/잼</span></div></div></a></li><li class="list-item"><a href="best@categoryCode=100002001.html"><div class="img_sec"><img data-src="https://image.gmarket.co.kr/hanbando/202208/7088de74-301b-48ef-911c-f33ed6a22f9b.jpg" class="swiper-lazy" alt=""/></div><div class="box__category-name"><div class="box__category-name-inner"><span class="category_name">건강식품</span></div></div></a></li><li class="list-item"><a href="best@categoryCode=100002002.html"><div class="img_sec"><img data-src="https://image.gmarket.co.kr/hanbando/202208/39888525-4f61-453f-865c-83b6ca536b58.jpg" class="swiper-lazy" alt=""/></div><div class="box__category-name"><div class="box__category-name-inner"><span class="category_name">세탁/청소/욕실용품</span></div></div></a></li><li class="list-item"><a href="best@categoryCode=100002003.html"><div class="img_sec"><img data-src="https://image.gmarket.co.kr/hanbando/202208/a9484e1d-492e-4ab4-84db-1a387177dcbf.jpg" class="swiper-lazy" alt=""/></div><div class="box__category-name"><div class="box__category-name-inner"><span class="category_name">리빙</span></div></div></a></li><li class="list-item"><a href="best@categoryCode=100002004.html"><div class="img_sec"><img data-src="https://image.gmarket.co.kr/hanbando/202208/e0d7614a-763e-4d90-b696-b20c76e890ca.jpg" class="swiper-lazy" alt=""/></div><div class="box__category-name"><div class="box__category-name-inner"><span class="category_name">주방/일회용품</span></div></div></a></li><li class="list-item"><a href="best@categoryCode=100002005.html"><div class="img_sec"><img data-src="https://image.gmarket.co.kr/hanbando/202208/231a3b36-5d05-467d-a33a-8651b9cf19c6.jpg" class="swiper-lazy" alt=""/></div><div class="box__category-name"><div class="box__category-name-inner"><span class="category_name">생활잡화/공구</span></div></div></a></li></ul></div><div class="swiper-slide"><ul class="category_slide" aria-label="스마일프레시 베스트 메뉴"><li class="list-item"><a href="best@categoryCode=100002006.html"><div class="img_sec"><img data-src="https://image.gmarket.co.kr/hanbando/202208/692a0b18-2063-4f86-a0af-3f7bbee09696.jpg" class="swiper-lazy" alt=""/></div><div class="box__category-name"><div class="box__category-name-inner"><span class="category_name">반려동물</span></div></div></a></li><li class="list-item"><a href="best@categoryCode=100002007.html"><div class="img_sec"><img data-src="https://image.gmarket.co.kr/hanbando/202208/ba755a2e-4a11-472c-92f0-6b82f671b1f8.jpg" class="swiper-lazy" alt=""/></div><div class="box__category-name"><div class="box__category-name-inner"><span class="category_name">뷰티</span></div></div></a></li><li class="list-item"><a href="best@categoryCode=100002008.html"><div class="img_sec"><img data-src="https://image.gmarket.co.kr/hanbando/202208/fd6fb0fe-4f81-48ea-bec2-5cc37db6fa18.jpg" class="swiper-lazy" alt=""/></div><div class="box__category-name"><div class="box__category-name-inner"><span class="category_name">유아동/출산/완구</span></div></div></a></li><li class="list-item"><a href="best@categoryCode=100002009.html"><div class="img_sec"><img data-src="https://image.gmarket.co.kr/hanbando/202208/315ccf35-b333-4017-b664-ccb1ba966ef0.jpg" class="swiper-lazy" alt=""/></div><div class="box__category-name"><div class="box__category-name-inner"><span class="category_name">패션/언더웨어</span></div></div></a></li><li class="list-item"><a href="best@categoryCode=100002010.html"><div class="img_sec"><img data-src="https://image.gmarket.co.kr/hanbando/202208/30fc0d1d-ea15-4e02-8f50-f144d06423ca.jpg" class="swiper-lazy" alt=""/></div><div class="box__category-name"><div class="box__category-name-inner"><span class="category_name">잡화/슈즈/명품</span></div></div></a></li><li class="list-item"><a href="best@categoryCode=100002011.html"><div class="img_sec"><img data-src="https://image.gmarket.co.kr/hanbando/202208/fa99b668-5f13-496e-a62d-dce329ead7cc.jpg" class="swiper-lazy" alt=""/></div><div class="box__category-name"><div class="box__category-name-inner"><span class="category_name">스포츠/레저/자동차</span></div></div></a></li><li class="list-item"><a href="best@categoryCode=100002012.html"><div class="img_sec"><img data-src="https://image.gmarket.co.kr/hanbando/202208/f38a6d26-1cc0-4b33-bf23-f933c2190252.jpg" class="swiper-lazy" alt=""/></div><div class="box__category-name"><div class="box__category-name-inner"><span class="category_name">디지털/가전</span></div></div></a></li><li class="list-item"><a href="best@categoryCode=100002013.html"><div class="img_sec"><img data-src="https://image.gmarket.co.kr/hanbando/202208/edd14751-f54a-48ff-ae9a-15a33b10c06c.jpg" class="swiper-lazy" alt=""/></div><div class="box__category-name"><div class="box__category-name-inner"><span class="category_name">문구/취미/도서</span></div></div></a></li><li class="list-item"><a href="best.html"><div class="img_sec"><img data-src="//pics.gmarket.co.kr/pc/single/kr/smilefresh/image__category-all.png" class="swiper-lazy" alt=""/></div><div class="box__category-name"><div class="box__category-name-inner"><span class="category_name">전체</span></div></div></a></li><li class="list-item"><a href="best@categoryCode=100000000.html"><div class="img_sec"><img data-src="https://image.gmarket.co.kr/hanbando/202209/2f7e5c38-9606-4f1a-912e-f969e22f430f.jpg" class="swiper-lazy" alt=""/></div><div class="box__category-name"><div class="box__category-name-inner"><span class="category_name">정육/계란</span></div></div></a></li><li class="list-item"><a href="best@categoryCode=100001005.html"><div class="img_sec"><img data-src="https://image.gmarket.co.kr/hanbando/202207/efc9fa9b-b4d8-4eb4-b44d-dc8a47a8c00a.jpg" class="swiper-lazy" alt=""/></div><div class="box__category-name"><div class="box__category-name-inner"><span class="category_name">과일</span></div></div></a></li><li class="list-item"><a href="best@categoryCode=100001006.html"><div class="img_sec"><img data-src="https://image.gmarket.co.kr/hanbando/202207/287cdcc7-47f4-4949-8cdf-2bfb4ff5522e.jpg" class="swiper-lazy" alt=""/></div><div class="box__category-name"><div class="box__category-name-inner"><span class="category_name">냉동/간편식</span></div></div></a></li></ul></div><div class="swiper-slide"><ul class="category_slide" aria-label="스마일프레시 베스트 메뉴"><li class="list-item"><a href="best@categoryCode=100001007.html"><div class="img_sec"><img data-src="https://image.gmarket.co.kr/hanbando/202207/92c7e264-61a8-4e11-ab2b-d3ad8a7b3ab6.jpg" class="swiper-lazy" alt=""/></div><div class="box__category-name"><div class="box__category-name-inner"><span class="category_name">쌀/잡곡</span></div></div></a></li><li class="list-item"><a href="best@categoryCode=100001008.html"><div class="img_sec"><img data-src="https://image.gmarket.co.kr/hanbando/202209/eb8b0652-724b-465a-800a-49436a3f5435.jpg" class="swiper-lazy" alt=""/></div><div class="box__category-name"><div class="box__category-name-inner"><span class="category_name">채소/두부</span></div></div></a></li><li class="list-item"><a href="best@categoryCode=100001010.html"><div class="img_sec"><img data-src="https://image.gmarket.co.kr/hanbando/202207/9ac23369-57e8-4299-889a-4f5360cd3c28.jpg" class="swiper-lazy" alt=""/></div><div class="box__category-name"><div class="box__category-name-inner"><span class="category_name">라면/즉석식품</span></div></div></a></li><li class="list-item"><a href="best@categoryCode=100001032.html"><div class="img_sec"><img data-src="https://image.gmarket.co.kr/hanbando/202207/a28bdf02-b436-4466-88de-d8f11ca54296.jpg" class="swiper-lazy" alt=""/></div><div class="box__category-name"><div class="box__category-name-inner"><span class="category_name">생수/음료</span></div></div></a></li><li class="list-item"><a href="best@categoryCode=100001033.html"><div class="img_sec"><img data-src="https://image.gmarket.co.kr/hanbando/202207/fd43d2b2-4f77-4e2c-b5da-58d24b91d95b.jpg" class="swiper-lazy" alt=""/></div><div class="box__category-name"><div class="box__category-name-inner"><span class="category_name">과자/아이스크림</span></div></div></a></li><li class="list-item"><a href="best@categoryCode=100001034.html"><div class="img_sec"><img data-src="https://image.gmarket.co.kr/hanbando/202207/f5f1f7ed-e6a5-4ecd-ac66-aa87756158c2.jpg" class="swiper-lazy" alt=""/></div><div class="box__category-name"><div class="box__category-name-inner"><span class="category_name">우유/유제품</span></div></div></a></li><li class="list-item list-item--active"><a aria-current="page" href="best@categoryCode=100001035.html"><div class="img_sec"><img data-src="https://image.gmarket.co.kr/hanbando/202207/089a0e40-92de-4a0e-a8cb-2a18f78c5691.jpg" class="swiper-lazy" alt=""/></div><div class="box__category-name"><div class="box__category-name-inner"><span class="category_name">장류/양념</span></div></div></a></li><li class="list-item"><a href="best@categoryCode=100001036.html"><div class="img_sec"><img data-src="https://image.gmarket.co.kr/hanbando/202207/a5b62bcd-46b5-4059-bb1b-e01878b77ef4.jpg" class="swiper-lazy" alt=""/></div><div class="box__category-name"><div class="box__category-name-inner"><span class="category_name">화장지/위생</span></div></div></a></li><li class="list-item"><a href="best@categoryCode=100001037.html"><div class="img_sec"><img data-src="https://image.gmarket.co.kr/hanbando/202207/c5b6a09a-4955-4829-94d6-c62f818f2f34.jpg" class="swiper-lazy" alt=""/></div><div class="box__category-name"><div class="box__category-name-inner"><span class="category_name">커피/차</span></div></div></a></li><li class="list-item"><a href="best@categoryCode=100001038.html"><div class="img_sec"><img data-src="https://image.gmarket.co.kr/hanbando/202207/23143aa7-715d-4778-8b1e-ab87422a8d3a.jpg" class="swiper-lazy" alt=""/></div><div class="box__category-name"><div class="box__category-name-inner"><span class="category_name">수산물</span></div></div></a></li><li class="list-item"><a href="best@categoryCode=100001039.html"><div class="img_sec"><img data-src="https://image.gmarket.co.kr/hanbando/202207/85d41348-f077-4b90-b0ff-3599d16216b2.jpg" class="swiper-lazy" alt=""/></div><div class="box__category-name"><div class="box__category-name-inner"><span class="category_name">밀키트/반찬</span></div></div></a></li><li class="list-item"><a href="best@categoryCode=100002000.html"><div class="img_sec"><img data-src="https://image.gmarket.co.kr/hanbando/202208/ea1ecb73-6a2c-45f7-8a89-2e130b634a99.jpg" class="swiper-lazy" alt=""/></div><div class="box__category-name"><div class="box__category-name-inner"><span class="category_name">베이커리/잼</span></div></div></a></li></ul></div><div class="swiper-slide"><ul class="category_slide" aria-label="스마일프레시 베스트 메뉴"><li class="list-item"><a href="best@categoryCode=100002001.html"><div class="img_sec"><img data-src="https://image.gmarket.co.kr/hanbando/202208/7088de74-301b-48ef-911c-f33ed6a22f9b.jpg" class="swiper-lazy" alt=""/></div><div class="box__category-name"><div class="box__category-name-inner"><span class="category_name">건강식품</span></div></div></a></li><li class="list-item"><a href="best@categoryCode=100002002.html"><div class="img_sec"><img data-src="https://image.gmarket.co.kr/hanbando/202208/39888525-4f61-453f-865c-83b6ca536b58.jpg" class="swiper-lazy" alt=""/></div><div class="box__category-name"><div class="box__category-name-inner"><span class="category_name">세탁/청소/욕실용품</span></div></div></a></li><li class="list-item"><a href="best@categoryCode=100002003.html"><div class="img_sec"><img data-src="https://image.gmarket.co.kr/hanbando/202208/a9484e1d-492e-4ab4-84db-1a387177dcbf.jpg" class="swiper-lazy" alt=""/></div><div class="box__category-name"><div class="box__category-name-inner"><span class="category_name">리빙</span></div></div></a></li><li class="list-item"><a href="best@categoryCode=100002004.html"><div class="img_sec"><img data-src="https://image.gmarket.co.kr/hanbando/202208/e0d7614a-763e-4d90-b696-b20c76e890ca.jpg" class="swiper-lazy" alt=""/></div><div class="box__category-name"><div class="box__category-name-inner"><span class="category_name">주방/일회용품</span></div></div></a></li><li class="list-item"><a href="best@categoryCode=100002005.html"><div class="img_sec"><img data-src="https://image.gmarket.co.kr/hanbando/202208/231a3b36-5d05-467d-a33a-8651b9cf19c6.jpg" class="swiper-lazy" alt=""/></div><div class="box__category-name"><div class="box__category-name-inner"><span class="category_name">생활잡화/공구</span></div></div></a></li><li class="list-item"><a href="best@categoryCode=100002006.html"><div class="img_sec"><img data-src="https://image.gmarket.co.kr/hanbando/202208/692a0b18-2063-4f86-a0af-3f7bbee09696.jpg" class="swiper-lazy" alt=""/></div><div class="box__category-name"><div class="box__category-name-inner"><span class="category_name">반려동물</span></div></div></a></li><li class="list-item"><a href="best@categoryCode=100002007.html"><div class="img_sec"><img data-src="https://image.gmarket.co.kr/hanbando/202208/ba755a2e-4a11-472c-92f0-6b82f671b1f8.jpg" class="swiper-lazy" alt=""/></div><div class="box__category-name"><div class="box__category-name-inner"><span class="category_name">뷰티</span></div></div></a></li><li class="list-item"><a href="best@categoryCode=100002008.html"><div class="img_sec"><img data-src="https://image.gmarket.co.kr/hanbando/202208/fd6fb0fe-4f81-48ea-bec2-5cc37db6fa18.jpg" class="swiper-lazy" alt=""/></div><div class="box__category-name"><div class="box__category-name-inner"><span class="category_name">유아동/출산/완구</span></div></div></a></li><li class="list-item"><a href="best@categoryCode=100002009.html"><div class="img_sec"><img data-src="https://image.gmarket.co.kr/hanbando/202208/315ccf35-b333-4017-b664-ccb1ba966ef0.jpg" class="swiper-lazy" alt=""/></div><div class="box__category-name"><div class="box__category-name-inner"><span class="category_name">패션/언더웨어</span></div></div></a></li><li class="list-item"><a href="best@categoryCode=100002010.html"><div class="img_sec"><img data-src="https://image.gmarket.co.kr/hanbando/202208/30fc0d1d-ea15-4e02-8f50-f144d06423ca.jpg" class="swiper-lazy" alt=""/></div><div class="box__category-name"><div class="box__category-name-inner"><span class="category_name">잡화/슈즈/명품</span></div></div></a></li><li class="list-item"><a href="best@categoryCode=100002011.html"><div class="img_sec"><img data-src="https://image.gmarket.co.kr/hanbando/202208/fa99b668-5f13-496e-a62d-dce329ead7cc.jpg" class="swiper-lazy" alt=""/></div><div class="box__category-name"><div class="box__category-name-inner"><span class="category_name">스포츠/레저/자동차</span></div></div></a></li><li class="list-item"><a href="best@categoryCode=100002012.html"><div class="img_sec"><img data-src="https://image.gmarket.co.kr/hanbando/202208/f38a6d26-1cc0-4b33-bf23-f933c2190252.jpg" class="swiper-lazy" alt=""/></div><div class="box__category-name"><div class="box__category-name-inner"><span class="category_name">디지털/가전</span></div></div></a></li></ul></div><div class="swiper-slide"><ul class="category_slide" aria-label="스마일프레시 베스트 메뉴"><li class="list-item"><a href="best@categoryCode=100002013.html"><div class="img_sec"><img data-src="https://image.gmarket.co.kr/hanbando/202208/edd14751-f54a-48ff-ae9a-15a33b10c06c.jpg" class="swiper-lazy" alt=""/></div><div class="box__category-name"><div class="box__category-name-inner"><span class="category_name">문구/취미/도서</span></div></div></a></li><li class="list-item"><a href="best.html"><div class="img_sec"><img data-src="//pics.gmarket.co.kr/pc/single/kr/smilefresh/image__category-all.png" class="swiper-lazy" alt=""/></div><div class="box__category-name"><div class="box__category-name-inner"><span class="category_name">전체</span></div></div></a></li><li class="list-item"><a href="best@categoryCode=100000000.html"><div class="img_sec"><img data-src="https://image.gmarket.co.kr/hanbando/202209/2f7e5c38-9606-4f1a-912e-f969e22f430f.jpg" class="swiper-lazy" alt=""/></div><div class="box__category-name"><div class="box__category-name-inner"><span class="category_name">정육/계란</span></div></div></a></li><li class="list-item"><a href="best@categoryCode=100001005.html"><div class="img_sec"><img data-src="https://image.gmarket.co.kr/hanbando/202207/efc9fa9b-b4d8-4eb4-b44d-dc8a47a8c00a.jpg" class="swiper-lazy" alt=""/></div><div class="box__category-name"><div class="box__category-name-inner"><span class="category_name">과일</span></div></div></a></li><li class="list-item"><a href="best@categoryCode=100001006.html"><div class="img_sec"><img data-src="https://image.gmarket.co.kr/hanbando/202207/287cdcc7-47f4-4949-8cdf-2bfb4ff5522e.jpg" class="swiper-lazy" alt=""/></div><div class="box__category-name"><div class="box__category-name-inner"><span class="category_name">냉동/간편식</span></div></div></a></li><li class="list-item"><a href="best@categoryCode=100001007.html"><div class="img_sec"><img data-src="https://image.gmarket.co.kr/hanbando/202207/92c7e264-61a8-4e11-ab2b-d3ad8a7b3ab6.jpg" class="swiper-lazy" alt=""/></div><div class="box__category-name"><div class="box__category-name-inner"><span class="category_name">쌀/잡곡</span></div></div></a></li><li class="list-item"><a href="best@categoryCode=100001008.html"><div class="img_sec"><img data-src="https://image.gmarket.co.kr/hanbando/202209/eb8b0652-724b-465a-800a-49436a3f5435.jpg" class="swiper-lazy" alt=""/></div><div class="box__category-name"><div class="box__category-name-inner"><span class="category_name">채소/두부</span></div></div></a></li><li class="list-item"><a href="best@categoryCode=100001010.html"><div class="img_sec"><img data-src="https://image.gmarket.co.kr/hanbando/202207/9ac23369-57e8-4299-889a-4f5360cd3c28.jpg" class="swiper-lazy" alt=""/></div><div class="box__category-name"><div class="box__category-name-inner"><span class="category_name">라면/즉석식품</span></div></div></a></li><li class="list-item"><a href="best@categoryCode=100001032.html"><div class="img_sec"><img data-src="https://image.gmarket.co.kr/hanbando/202207/a28bdf02-b436-4466-88de-d8f11ca54296.jpg" class="swiper-lazy" alt=""/></div><div class="box__category-name"><div class="box__category-name-inner"><span class="category_name">생수/음료</span></div></div></a></li><li class="list-item"><a href="best@categoryCode=100001033.html"><div class="img_sec"><img data-src="https://image.gmarket.co.kr/hanbando/202207/fd43d2b2-4f77-4e2c-b5da-58d24b91d95b.jpg" class="swiper-lazy" alt=""/></div><div class="box__category-name"><div class="box__category-name-inner"><span class="category_name">과자/아이스크림</span></div></div></a></li><li class="list-item"><a href="best@categoryCode=100001034.html"><div class="img_sec"><img data-src="https://image.gmarket.co.kr/hanbando/202207/f5f1f7ed-e6a5-4ecd-ac66-aa87756158c2.jpg" class="swiper-lazy" alt=""/></div><div class="box__category-name"><div class="box__category-name-inner"><span class="category_name">우유/유제품</span></div></div></a></li><li class="list-item list-item--active"><a aria-current="page" href="best@categoryCode=100001035.html"><div class="img_sec"><img data-src="https://image.gmarket.co.kr/hanbando/202207/089a0e40-92de-4a0e-a8cb-2a18f78c5691.jpg" class="swiper-lazy" alt=""/></div><div class="box__category-name"><div class="box__category-name-inner"><span class="category_name">장류/양념</span></div></div></a></li></ul></div><div class="swiper-slide"><ul class="category_slide" aria-label="스마일프레시 베스트 메뉴"><li class="list-item"><a href="best@categoryCode=100001036.html"><div class="img_sec"><img data-src="https://image.gmarket.co.kr/hanbando/202207/a5b62bcd-46b5-4059-bb1b-e01878b77ef4.jpg" class="swiper-lazy" alt=""/></div><div class="box__category-name"><div class="box__category-name-inner"><span class="category_name">화장지/위생</span></div></div></a></li><li class="list-item"><a href="best@categoryCode=100001037.html"><div class="img_sec"><img data-src="https://image.gmarket.co.kr/hanbando/202207/c5b6a09a-4955-4829-94d6-c62f818f2f34.jpg" class="swiper-lazy" alt=""/></div><div class="box__category-name"><div class="box__category-name-inner"><span class="category_name">커피/차</span></div></div></a></li><li class="list-item"><a href="best@categoryCode=100001038.html"><div class="img_sec"><img data-src="https://image.gmarket.co.kr/hanbando/202207/23143aa7-715d-4778-8b1e-ab87422a8d3a.jpg" class="swiper-lazy" alt=""/></div><div class="box__category-name"><div class="box__category-name-inner"><span class="category_name">수산물</span></div></div></a></li><li class="list-item"><a href="best@categoryCode=100001039.html"><div class="img_sec"><img data-src="https://image.gmarket.co.kr/hanbando/202207/85d41348-f077-4b90-b0ff-3599d16216b2.jpg" class="swiper-lazy" alt=""/></div><div class="box__category-name"><div class="box__category-name-inner"><span class="category_name">밀키트/반찬</span></div></div></a></li><li class="list-item"><a href="best@categoryCode=100002000.html"><div class="img_sec"><img data-src="https://image.gmarket.co.kr/hanbando/202208/ea1ecb73-6a2c-45f7-8a89-2e130b634a99.jpg" class="swiper-lazy" alt=""/></div><div class="box__category-name"><div class="box__category-name-inner"><span class="category_name">베이커리/잼</span></div></div></a></li><li class="list-item"><a href="best@categoryCode=100002001.html"><div class="img_sec"><img data-src="https://image.gmarket.co.kr/hanbando/202208/7088de74-301b-48ef-911c-f33ed6a22f9b.jpg" class="swiper-lazy" alt=""/></div><div class="box__category-name"><div class="box__category-name-inner"><span class="category_name">건강식품</span></div></div></a></li><li class="list-item"><a href="best@categoryCode=100002002.html"><div class="img_sec"><img data-src="https://image.gmarket.co.kr/hanbando/202208/39888525-4f61-453f-865c-83b6ca536b58.jpg" class="swiper-lazy" alt=""/></div><div class="box__category-name"><div class="box__category-name-inner"><span class="category_name">세탁/청소/욕실용품</span></div></div></a></li><li class="list-item"><a href="best@categoryCode=100002003.html"><div class="img_sec"><img data-src="https://image.gmarket.co.kr/hanbando/202208/a9484e1d-492e-4ab4-84db-1a387177dcbf.jpg" class="swiper-lazy" alt=""/></div><div class="box__category-name"><div class="box__category-name-inner"><span class="category_name">리빙</span></div></div></a></li><li class="list-item"><a href="best@categoryCode=100002004.html"><div class="img_sec"><img data-src="https://image.gmarket.co.kr/hanbando/202208/e0d7614a-763e-4d90-b696-b20c76e890ca.jpg" class="swiper-lazy" alt=""/></div><div class="box__category-name"><div class="box__category-name-inner"><span class="category_name">주방/일회용품</span></div></div></a></li><li class="list-item"><a href="best@categoryCode=100002005.html"><div class="img_sec"><img data-src="https://image.gmarket.co.kr/hanbando/202208/231a3b36-5d05-467d-a33a-8651b9cf19c6.jpg" class="swiper-lazy" alt=""/></div><div class="box__category-name"><div class="box__category-name-inner"><span class="category_name">생활잡화/공구</span></div></div></a></li><li class="list-item"><a href="best@categoryCode=100002006.html"><div class="img_sec"><img data-src="https://image.gmarket.co.kr/hanbando/202208/692a0b18-2063-4f86-a0af-3f7bbee09696.jpg" class="swiper-lazy" alt=""/></div><div class="box__category-name"><div class="box__category-name-inner"><span class="category_name">반려동물</span></div></div></a></li><li class="list-item"><a href="best@categoryCode=100002007.html"><div class="img_sec"><img data-src="https://image.gmarket.co.kr/hanbando/202208/ba755a2e-4a11-472c-92f0-6b82f671b1f8.jpg" class="swiper-lazy" alt=""/></div><div class="box__category-name"><div class="box__category-name-inner"><span class="category_name">뷰티</span></div></div></a></li></ul></div><div class="swiper-slide"><ul class="category_slide" aria-label="스마일프레시 베스트 메뉴"><li class="list-item"><a href="best@categoryCode=100002008.html"><div class="img_sec"><img data-src="https://image.gmarket.co.kr/hanbando/202208/fd6fb0fe-4f81-48ea-bec2-5cc37db6fa18.jpg" class="swiper-lazy" alt=""/></div><div class="box__category-name"><div class="box__category-name-inner"><span class="category_name">유아동/출산/완구</span></div></div></a></li><li class="list-item"><a href="best@categoryCode=100002009.html"><div class="img_sec"><img data-src="https://image.gmarket.co.kr/hanbando/202208/315ccf35-b333-4017-b664-ccb1ba966ef0.jpg" class="swiper-lazy" alt=""/></div><div class="box__category-name"><div class="box__category-name-inner"><span class="category_name">패션/언더웨어</span></div></div></a></li><li class="list-item"><a href="best@categoryCode=100002010.html"><div class="img_sec"><img data-src="https://image.gmarket.co.kr/hanbando/202208/30fc0d1d-ea15-4e02-8f50-f144d06423ca.jpg" class="swiper-lazy" alt=""/></div><div class="box__category-name"><div class="box__category-name-inner"><span class="category_name">잡화/슈즈/명품</span></div></div></a></li><li class="list-item"><a href="best@categoryCode=100002011.html"><div class="img_sec"><img data-src="https://image.gmarket.co.kr/hanbando/202208/fa99b668-5f13-496e-a62d-dce329ead7cc.jpg" class="swiper-lazy" alt=""/></div><div class="box__category-name"><div class="box__category-name-inner"><span class="category_name">스포츠/레저/자동차</span></div></div></a></li><li class="list-item"><a href="best@categoryCode=100002012.html"><div class="img_sec"><img data-src="https://image.gmarket.co.kr/hanbando/202208/f38a6d26-1cc0-4b33-bf23-f933c2190252.jpg" class="swiper-lazy" alt=""/></div><div class="box__category-name"><div class="box__category-name-inner"><span class="category_name">디지털/가전</span></div></div></a></li><li class="list-item"><a href="best@categoryCode=100002013.html"><div class="img_sec"><img data-src="https://image.gmarket.co.kr/hanbando/202208/edd14751-f54a-48ff-ae9a-15a33b10c06c.jpg" class="swiper-lazy" alt=""/></div><div class="box__category-name"><div class="box__category-name-inner"><span class="category_name">문구/취미/도서</span></div></div></a></li><li class="list-item"><a href="best.html"><div class="img_sec"><img data-src="//pics.gmarket.co.kr/pc/single/kr/smilefresh/image__category-all.png" class="swiper-lazy" alt=""/></div><div class="box__category-name"><div class="box__category-name-inner"><span class="category_name">전체</span></div></div></a></li><li class="list-item"><a href="best@categoryCode=100000000.html"><div class="img_sec"><img data-src="https://image.gmarket.co.kr/hanbando/202209/2f7e5c38-9606-4f1a-912e-f969e22f430f.jpg" class="swiper-lazy" alt=""/></div><div class="box__category-name"><div class="box__category-name-inner"><span class="category_name">정육/계란</span></div></div></a></li><li class="list-item"><a href="best@categoryCode=100001005.html"><div class="img_sec"><img data-src="https://image.gmarket.co.kr/hanbando/202207/efc9fa9b-b4d8-4eb4-b44d-dc8a47a8c00a.jpg" class="swiper-lazy" alt=""/></div><div class="box__category-name"><div class="box__category-name-inner"><span class="category_name">과일</span></div></div></a></li><li class="list-item"><a href="best@categoryCode=100001006.html"><div class="img_sec"><img data-src="https://image.gmarket.co.kr/hanbando/202207/287cdcc7-47f4-4949-8cdf-2bfb4ff5522e.jpg" class="swiper-lazy" alt=""/></div><div class="box__category-name"><div class="box__category-name-inner"><span class="category_name">냉동/간편식</span></div></div></a></li><li class="list-item"><a href="best@categoryCode=100001007.html"><div class="img_sec"><img data-src="https://image.gmarket.co.kr/hanbando/202207/92c7e264-61a8-4e11-ab2b-d3ad8a7b3ab6.jpg" class="swiper-lazy" alt=""/></div><div class="box__category-name"><div class="box__category-name-inner"><span class="category_name">쌀/잡곡</span></div></div></a></li><li class="list-item"><a href="best@categoryCode=100001008.html"><div class="img_sec"><img data-src="https://image.gmarket.co.kr/hanbando/202209/eb8b0652-724b-465a-800a-49436a3f5435.jpg" class="swiper-lazy" alt=""/></div><div class="box__category-name"><div class="box__category-name-inner"><span class="category_name">채소/두부</span></div></div></a></li></ul></div><div class="swiper-slide"><ul class="category_slide" aria-label="스마일프레시 베스트 메뉴"><li class="list-item"><a href="best@categoryCode=100001010.html"><div class="img_sec"><img data-src="https://image.gmarket.co.kr/hanbando/202207/9ac23369-57e8-4299-889a-4f5360cd3c28.jpg" class="swiper-lazy" alt=""/></div><div class="box__category-name"><div class="box__category-name-inner"><span class="category_name">라면/즉석식품</span></div></div></a></li><li class="list-item"><a href="best@categoryCode=100001032.html"><div class="img_sec"><img data-src="https://image.gmarket.co.kr/hanbando/202207/a28bdf02-b436-4466-88de-d8f11ca54296.jpg" class="swiper-lazy" alt=""/></div><div class="box__category-name"><div class="box__category-name-inner"><span class="category_name">생수/음료</span></div></div></a></li><li class="list-item"><a href="best@categoryCode=100001033.html"><div class="img_sec"><img data-src="https://image.gmarket.co.kr/hanbando/202207/fd43d2b2-4f77-4e2c-b5da-58d24b91d95b.jpg" class="swiper-lazy" alt=""/></div><div class="box__category-name"><div class="box__category-name-inner"><span class="category_name">과자/아이스크림</span></div></div></a></li><li class="list-item"><a href="best@categoryCode=100001034.html"><div class="img_sec"><img data-src="https://image.gmarket.co.kr/hanbando/202207/f5f1f7ed-e6a5-4ecd-ac66-aa87756158c2.jpg" class="swiper-lazy" alt=""/></div><div class="box__category-name"><div class="box__category-name-inner"><span class="category_name">우유/유제품</span></div></div></a></li><li class="list-item list-item--active"><a aria-current="page" href="best@categoryCode=100001035.html"><div class="img_sec"><img data-src="https://image.gmarket.co.kr/hanbando/202207/089a0e40-92de-4a0e-a8cb-2a18f78c5691.jpg" class="swiper-lazy" alt=""/></div><div class="box__category-name"><div class="box__category-name-inner"><span class="category_name">장류/양념</span></div></div></a></li><li class="list-item"><a href="best@categoryCode=100001036.html"><div class="img_sec"><img data-src="https://image.gmarket.co.kr/hanbando/202207/a5b62bcd-46b5-4059-bb1b-e01878b77ef4.jpg" class="swiper-lazy" alt=""/></div><div class="box__category-name"><div class="box__category-name-inner"><span class="category_name">화장지/위생</span></div></div></a></li><li class="list-item"><a href="best@categoryCode=100001037.html"><div class="img_sec"><img data-src="https://image.gmarket.co.kr/hanbando/202207/c5b6a09a-4955-4829-94d6-c62f818f2f34.jpg" class="swiper-lazy" alt=""/></div><div class="box__category-name"><div class="box__category-name-inner"><span class="category_name">커피/차</span></div></div></a></li><li class="list-item"><a href="best@categoryCode=100001038.html"><div class="img_sec"><img data-src="https://image.gmarket.co.kr/hanbando/202207/23143aa7-715d-4778-8b1e-ab87422a8d3a.jpg" class="swiper-lazy" alt=""/></div><div class="box__category-name"><div class="box__category-name-inner"><span class="category_name">수산물</span></div></div></a></li><li class="list-item"><a href="best@categoryCode=100001039.html"><div class="img_sec"><img data-src="https://image.gmarket.co.kr/hanbando/202207/85d41348-f077-4b90-b0ff-3599d16216b2.jpg" class="swiper-lazy" alt=""/></div><div class="box__category-name"><div class="box__category-name-inner"><span class="category_name">밀키트/반찬</span></div></div></a></li><li class="list-item"><a href="best@categoryCode=100002000.html"><div class="img_sec"><img data-src="https://image.gmarket.co.kr/hanbando/202208/ea1ecb73-6a2c-45f7-8a89-2e130b634a99.jpg" class="swiper-lazy" alt=""/></div><div class="box__category-name"><div class="box__category-name-inner"><span class="category_name">베이커리/잼</span></div></div></a></li><li class="list-item"><a href="best@categoryCode=100002001.html"><div class="img_sec"><img data-src="https://image.gmarket.co.kr/hanbando/202208/7088de74-301b-48ef-911c-f33ed6a22f9b.jpg" class="swiper-lazy" alt=""/></div><div class="box__category-name"><div class="box__category-name-inner"><span class="category_name">건강식품</span></div></div></a></li><li class="list-item"><a href="best@categoryCode=100002002.html"><div class="img_sec"><img data-src="https://image.gmarket.co.kr/hanbando/202208/39888525-4f61-453f-865c-83b6ca536b58.jpg" class="swiper-lazy" alt=""/></div><div class="box__category-name"><div class="box__category-name-inner"><span class="category_name">세탁/청소/욕실용품</span></div></div></a></li></ul></div><div class="swiper-slide"><ul class="category_slide" aria-label="스마일프레시 베스트 메뉴"><li class="list-item"><a href="best@categoryCode=100002003.html"><div class="img_sec"><img data-src="https://image.gmarket.co.kr/hanbando/202208/a9484e1d-492e-4ab4-84db-1a387177dcbf.jpg" class="swiper-lazy" alt=""/></div><div class="box__category-name"><div class="box__category-name-inner"><span class="category_name">리빙</span></div></div></a></li><li class="list-item"><a href="best@categoryCode=100002004.html"><div class="img_sec"><img data-src="https://image.gmarket.co.kr/hanbando/202208/e0d7614a-763e-4d90-b696-b20c76e890ca.jpg" class="swiper-lazy" alt=""/></div><div class="box__category-name"><div class="box__category-name-inner"><span class="category_name">주방/일회용품</span></div></div></a></li><li class="list-item"><a href="best@categoryCode=100002005.html"><div class="img_sec"><img data-src="https://image.gmarket.co.kr/hanbando/202208/231a3b36-5d05-467d-a33a-8651b9cf19c6.jpg" class="swiper-lazy" alt=""/></div><div class="box__category-name"><div class="box__category-name-inner"><span class="category_name">생활잡화/공구</span></div></div></a></li><li class="list-item"><a href="best@categoryCode=100002006.html"><div class="img_sec"><img data-src="https://image.gmarket.co.kr/hanbando/202208/692a0b18-2063-4f86-a0af-3f7bbee09696.jpg" class="swiper-lazy" alt=""/></div><div class="box__category-name"><div class="box__category-name-inner"><span class="category_name">반려동물</span></div></div></a></li><li class="list-item"><a href="best@categoryCode=100002007.html"><div class="img_sec"><img data-src="https://image.gmarket.co.kr/hanbando/202208/ba755a2e-4a11-472c-92f0-6b82f671b1f8.jpg" class="swiper-lazy" alt=""/></div><div class="box__category-name"><div class="box__category-name-inner"><span class="category_name">뷰티</span></div></div></a></li><li class="list-item"><a href="best@categoryCode=100002008.html"><div class="img_sec"><img data-src="https://image.gmarket.co.kr/hanbando/202208/fd6fb0fe-4f81-48ea-bec2-5cc37db6fa18.jpg" class="swiper-lazy" alt=""/></div><div class="box__category-name"><div class="box__category-name-inner"><span class="category_name">유아동/출산/완구</span></div></div></a></li><li class="list-item"><a href="best@categoryCode=100002009.html"><div class="img_sec"><img data-src="https://image.gmarket.co.kr/hanbando/202208/315ccf35-b333-4017-b664-ccb1ba966ef0.jpg" class="swiper-lazy" alt=""/></div><div class="box__category-name"><div class="box__category-name-inner"><span class="category_name">패션/언더웨어</span></div></div></a></li><li class="list-item"><a href="best@categoryCode=100002010.html"><div class="img_sec"><img data-src="https://image.gmarket.co.kr/hanbando/202208/30fc0d1d-ea15-4e02-8f50-f144d06423ca.jpg" class="swiper-lazy" alt=""/></div><div class="box__category-name"><div class="box__category-name-inner"><span class="category_name">잡화/슈즈/명품</span></div></div></a></li><li class="list-item"><a href="best@categoryCode=100002011.html"><div class="img_sec"><img data-src="https://image.gmarket.co.kr/hanbando/202208/fa99b668-5f13-496e-a62d-dce329ead7cc.jpg" class="swiper-lazy" alt=""/></div><div class="box__category-name"><div class="box__category-name-inner"><span class="category_name">스포츠/레저/자동차</span></div></div></a></li><li class="list-item"><a href="best@categoryCode=100002012.html"><div class="img_sec"><img data-src="https://image.gmarket.co.kr/hanbando/202208/f38a6d26-1cc0-4b33-bf23-f933c2190252.jpg" class="swiper-lazy" alt=""/></div><div class="box__category-name"><div class="box__category-name-inner"><span class="category_name">디지털/가전</span></div></div></a></li><li class="list-item"><a href="best@categoryCode=100002013.html"><div class="img_sec"><img data-src="https://image.gmarket.co.kr/hanbando/202208/edd14751-f54a-48ff-ae9a-15a33b10c06c.jpg" class="swiper-lazy" alt=""/></div><div class="box__category-name"><div class="box__category-name-inner"><span class="category_name">문구/취미/도서</span></div></div></a></li><li class="list-item"><a href="best.html"><div class="img_sec"><img data-src="//pics.gmarket.co.kr/pc/single/kr/smilefresh/image__category-all.png" class="swiper-lazy" alt=""/></div><div class="box__category-name"><div class="box__category-name-inner"><span class="category_name">전체</span></div></div></a></li></ul></div><div class="swiper-slide"><ul class="category_slide" aria-label="스마일프레시 베스트 메뉴"><li class="list-item"><a href="best@categoryCode=100000000.html"><div class="img_sec"><img data-src="https://image.gmarket.co.kr/hanbando/202209/2f7e5c38-9606-4f1a-912e-f969e22f430f.jpg" class="swiper-lazy" alt=""/></div><div class="box__category-name"><div class="box__category-name-inner"><span class="category_name">정육/계란</span></div></div></a></li><li class="list-item"><a href="best@categoryCode=100001005.html"><div class="img_sec"><img data-src="https://image.gmarket.co.kr/hanbando/202207/efc9fa9b-b4d8-4eb4-b44d-dc8a47a8c00a.jpg" class="swiper-lazy" alt=""/></div><div class="box__category-name"><div class="box__category-name-inner"><span class="category_name">과일</span></div></div></a></li><li class="list-item"><a href="best@categoryCode=100001006.html"><div class="img_sec"><img data-src="https://image.gmarket.co.kr/hanbando/202207/287cdcc7-47f4-4949-8cdf-2bfb4ff5522e.jpg" class="swiper-lazy" alt=""/></div><div class="box__category-name"><div class="box__category-name-inner"><span class="category_name">냉동/간편식</span></div></div></a></li><li class="list-item"><a href="best@categoryCode=100001007.html"><div class="img_sec"><img data-src="https://image.gmarket.co.kr/hanbando/202207/92c7e264-61a8-4e11-ab2b-d3ad8a7b3ab6.jpg" class="swiper-lazy" alt=""/></div><div class="box__category-name"><div class="box__category-name-inner"><span class="category_name">쌀/잡곡</span></div></div></a></li><li class="list-item"><a href="best@categoryCode=100001008.html"><div class="img_sec"><img data-src="https://image.gmarket.co.kr/hanbando/202209/eb8b0652-724b-465a-800a-49436a3f5435.jpg" class="swiper-lazy" alt=""/></div><div class="box__category-name"><div class="box__category-name-inner"><span class="category_name">채소/두부</span></div></div></a></li><li class="list-item"><a href="best@categoryCode=100001010.html"><div class="img_sec"><img data-src="https://image.gmarket.co.kr/hanbando/202207/9ac23369-57e8-4299-889a-4f5360cd3c28.jpg" class="swiper-lazy" alt=""/></div><div class="box__category-name"><div class="box__category-name-inner"><span class="category_name">라면/즉석식품</span></div></div></a></li><li class="list-item"><a href="best@categoryCode=100001032.html"><div class="img_sec"><img data-src="https://image.gmarket.co.kr/hanbando/202207/a28bdf02-b436-4466-88de-d8f11ca54296.jpg" class="swiper-lazy" alt=""/></div><div class="box__category-name"><div class="box__category-name-inner"><span class="category_name">생수/음료</span></div></div></a></li><li class="list-item"><a href="best@categoryCode=100001033.html"><div class="img_sec"><img data-src="https://image.gmarket.co.kr/hanbando/202207/fd43d2b2-4f77-4e2c-b5da-58d24b91d95b.jpg" class="swiper-lazy" alt=""/></div><div class="box__category-name"><div class="box__category-name-inner"><span class="category_name">과자/아이스크림</span></div></div></a></li><li class="list-item"><a href="best@categoryCode=100001034.html"><div class="img_sec"><img data-src="https://image.gmarket.co.kr/hanbando/202207/f5f1f7ed-e6a5-4ecd-ac66-aa87756158c2.jpg" class="swiper-lazy" alt=""/></div><div class="box__category-name"><div class="box__category-name-inner"><span class="category_name">우유/유제품</span></div></div></a></li><li class="list-item list-item--active"><a aria-current="page" href="best@categoryCode=100001035.html"><div class="img_sec"><img data-src="https://image.gmarket.co.kr/hanbando/202207/089a0e40-92de-4a0e-a8cb-2a18f78c5691.jpg" class="swiper-lazy" alt=""/></div><div class="box__category-name"><div class="box__category-name-inner"><span class="category_name">장류/양념</span></div></div></a></li><li class="list-item"><a href="best@categoryCode=100001036.html"><div class="img_sec"><img data-src="https://image.gmarket.co.kr/hanbando/202207/a5b62bcd-46b5-4059-bb1b-e01878b77ef4.jpg" class="swiper-lazy" alt=""/></div><div class="box__category-name"><div class="box__category-name-inner"><span class="category_name">화장지/위생</span></div></div></a></li><li class="list-item"><a href="best@categoryCode=100001037.html"><div class="img_sec"><img data-src="https://image.gmarket.co.kr/hanbando/202207/c5b6a09a-4955-4829-94d6-c62f818f2f34.jpg" class="swiper-lazy" alt=""/></div><div class="box__category-name"><div class="box__category-name-inner"><span class="category_name">커피/차</span></div></div></a></li></ul></div><div class="swiper-slide"><ul class="category_slide" aria-label="스마일프레시 베스트 메뉴"><li class="list-item"><a href="best@categoryCode=100001038.html"><div class="img_sec"><img data-src="https://image.gmarket.co.kr/hanbando/202207/23143aa7-715d-4778-8b1e-ab87422a8d3a.jpg" class="swiper-lazy" alt=""/></div><div class="box__category-name"><div class="box__category-name-inner"><span class="category_name">수산물</span></div></div></a></li><li class="list-item"><a href="best@categoryCode=100001039.html"><div class="img_sec"><img data-src="https://image.gmarket.co.kr/hanbando/202207/85d41348-f077-4b90-b0ff-3599d16216b2.jpg" class="swiper-lazy" alt=""/></div><div class="box__category-name"><div class="box__category-name-inner"><span class="category_name">밀키트/반찬</span></div></div></a></li><li class="list-item"><a href="best@categoryCode=100002000.html"><div class="img_sec"><img data-src="https://image.gmarket.co.kr/hanbando/202208/ea1ecb73-6a2c-45f7-8a89-2e130b634a99.jpg" class="swiper-lazy" alt=""/></div><div class="box__category-name"><div class="box__category-name-inner"><span class="category_name">베이커리/잼</span></div></div></a></li><li class="list-item"><a href="best@categoryCode=100002001.html"><div class="img_sec"><img data-src="https://image.gmarket.co.kr/hanbando/202208/7088de74-301b-48ef-911c-f33ed6a22f9b.jpg" class="swiper-lazy" alt=""/></div><div class="box__category-name"><div class="box__category-name-inner"><span class="category_name">건강식품</span></div></div></a></li><li class="list-item"><a href="best@categoryCode=100002002.html"><div class="img_sec"><img data-src="https://image.gmarket.co.kr/hanbando/202208/39888525-4f61-453f-865c-83b6ca536b58.jpg" class="swiper-lazy" alt=""/></div><div class="box__category-name"><div class="box__category-name-inner"><span class="category_name">세탁/청소/욕실용품</span></div></div></a></li><li class="list-item"><a href="best@categoryCode=100002003.html"><div class="img_sec"><img data-src="https://image.gmarket.co.kr/hanbando/202208/a9484e1d-492e-4ab4-84db-1a387177dcbf.jpg" class="swiper-lazy" alt=""/></div><div class="box__category-name"><div class="box__category-name-inner"><span class="category_name">리빙</span></div></div></a></li><li class="list-item"><a href="best@categoryCode=100002004.html"><div class="img_sec"><img data-src="https://image.gmarket.co.kr/hanbando/202208/e0d7614a-763e-4d90-b696-b20c76e890ca.jpg" class="swiper-lazy" alt=""/></div><div class="box__category-name"><div class="box__category-name-inner"><span class="category_name">주방/일회용품</span></div></div></a></li><li class="list-item"><a href="best@categoryCode=100002005.html"><div class="img_sec"><img data-src="https://image.gmarket.co.kr/hanbando/202208/231a3b36-5d05-467d-a33a-8651b9cf19c6.jpg" class="swiper-lazy" alt=""/></div><div class="box__category-name"><div class="box__category-name-inner"><span class="category_name">생활잡화/공구</span></div></div></a></li><li class="list-item"><a href="best@categoryCode=100002006.html"><div class="img_sec"><img data-src="https://image.gmarket.co.kr/hanbando/202208/692a0b18-2063-4f86-a0af-3f7bbee09696.jpg" class="swiper-lazy" alt=""/></div><div class="box__category-name"><div class="box__category-name-inner"><span class="category_name">반려동물</span></div></div></a></li><li class="list-item"><a href="best@categoryCode=100002007.html"><div class="img_sec"><img data-src="https://image.gmarket.co.kr/hanbando/202208/ba755a2e-4a11-472c-92f0-6b82f671b1f8.jpg" class="swiper-lazy" alt=""/></div><div class="box__category-name"><div class="box__category-name-inner"><span class="category_name">뷰티</span></div></div></a></li><li class="list-item"><a href="best@categoryCode=100002008.html"><div class="img_sec"><img data-src="https://image.gmarket.co.kr/hanbando/202208/fd6fb0fe-4f81-48ea-bec2-5cc37db6fa18.jpg" class="swiper-lazy" alt=""/></div><div class="box__category-name"><div class="box__category-name-inner"><span class="category_name">유아동/출산/완구</span></div></div></a></li><li class="list-item"><a href="best@categoryCode=100002009.html"><div class="img_sec"><img data-src="https://image.gmarket.co.kr/hanbando/202208/315ccf35-b333-4017-b664-ccb1ba966ef0.jpg" class="swiper-lazy" alt=""/></div><div class="box__category-name"><div class="box__category-name-inner"><span class="category_name">패션/언더웨어</span></div></div></a></li></ul></div><div class="swiper-slide"><ul class="category_slide" aria-label="스마일프레시 베스트 메뉴"><li class="list-item"><a href="best@categoryCode=100002010.html"><div class="img_sec"><img data-src="https://image.gmarket.co.kr/hanbando/202208/30fc0d1d-ea15-4e02-8f50-f144d06423ca.jpg" class="swiper-lazy" alt=""/></div><div class="box__category-name"><div class="box__category-name-inner"><span class="category_name">잡화/슈즈/명품</span></div></div></a></li><li class="list-item"><a href="best@categoryCode=100002011.html"><div class="img_sec"><img data-src="https://image.gmarket.co.kr/hanbando/202208/fa99b668-5f13-496e-a62d-dce329ead7cc.jpg" class="swiper-lazy" alt=""/></div><div class="box__category-name"><div class="box__category-name-inner"><span class="category_name">스포츠/레저/자동차</span></div></div></a></li><li class="list-item"><a href="best@categoryCode=100002012.html"><div class="img_sec"><img data-src="https://image.gmarket.co.kr/hanbando/202208/f38a6d26-1cc0-4b33-bf23-f933c2190252.jpg" class="swiper-lazy" alt=""/></div><div class="box__category-name"><div class="box__category-name-inner"><span class="category_name">디지털/가전</span></div></div></a></li><li class="list-item"><a href="best@categoryCode=100002013.html"><div class="img_sec"><img data-src="https://image.gmarket.co.kr/hanbando/202208/edd14751-f54a-48ff-ae9a-15a33b10c06c.jpg" class="swiper-lazy" alt=""/></div><div class="box__category-name"><div class="box__category-name-inner"><span class="category_name">문구/취미/도서</span></div></div></a></li><li class="list-item"><a href="best.html"><div class="img_sec"><img data-src="//pics.gmarket.co.kr/pc/single/kr/smilefresh/image__category-all.png" class="swiper-lazy" alt=""/></div><div class="box__category-name"><div class="box__category-name-inner"><span class="category_name">전체</span></div></div></a></li><li class="list-item"><a href="best@categoryCode=100000000.html"><div class="img_sec"><img data-src="https://image.gmarket.co.kr/hanbando/202209/2f7e5c38-9606-4f1a-912e-f969e22f430f.jpg" class="swiper-lazy" alt=""/></div><div class="box__category-name"><div class="box__category-name-inner"><span class="category_name">정육/계란</span></div></div></a></li><li class="list-item"><a href="best@categoryCode=100001005.html"><div class="img_sec"><img data-src="https://image.gmarket.co.kr/hanbando/202207/efc9fa9b-b4d8-4eb4-b44d-dc8a47a8c00a.jpg" class="swiper-lazy" alt=""/></div><div class="box__category-name"><div class="box__category-name-inner"><span class="category_name">과일</span></div></div></a></li><li class="list-item"><a href="best@categoryCode=100001006.html"><div class="img_sec"><img data-src="https://image.gmarket.co.kr/hanbando/202207/287cdcc7-47f4-4949-8cdf-2bfb4ff5522e.jpg" class="swiper-lazy" alt=""/></div><div class="box__category-name"><div class="box__category-name-inner"><span class="category_name">냉동/간편식</span></div></div></a></li><li class="list-item"><a href="best@categoryCode=100001007.html"><div class="img_sec"><img data-src="https://image.gmarket.co.kr/hanbando/202207/92c7e264-61a8-4e11-ab2b-d3ad8a7b3ab6.jpg" class="swiper-lazy" alt=""/></div><div class="box__category-name"><div class="box__category-name-inner"><span class="category_name">쌀/잡곡</span></div></div></a></li><li class="list-item"><a href="best@categoryCode=100001008.html"><div class="img_sec"><img data-src="https://image.gmarket.co.kr/hanbando/202209/eb8b0652-724b-465a-800a-49436a3f5435.jpg" class="swiper-lazy" alt=""/></div><div class="box__category-name"><div class="box__category-name-inner"><span class="category_name">채소/두부</span></div></div></a></li><li class="list-item"><a href="best@categoryCode=100001010.html"><div class="img_sec"><img data-src="https://image.gmarket.co.kr/hanbando/202207/9ac23369-57e8-4299-889a-4f5360cd3c28.jpg" class="swiper-lazy" alt=""/></div><div class="box__category-name"><div class="box__category-name-inner"><span class="category_name">라면/즉석식품</span></div></div></a></li><li class="list-item"><a href="best@categoryCode=100001032.html"><div class="img_sec"><img data-src="https://image.gmarket.co.kr/hanbando/202207/a28bdf02-b436-4466-88de-d8f11ca54296.jpg" class="swiper-lazy" alt=""/></div><div class="box__category-name"><div class="box__category-name-inner"><span class="category_name">생수/음료</span></div></div></a></li></ul></div><div class="swiper-slide"><ul class="category_slide" aria-label="스마일프레시 베스트 메뉴"><li class="list-item"><a href="best@categoryCode=100001033.html"><div class="img_sec"><img data-src="https://image.gmarket.co.kr/hanbando/202207/fd43d2b2-4f77-4e2c-b5da-58d24b91d95b.jpg" class="swiper-lazy" alt=""/></div><div class="box__category-name"><div class="box__category-name-inner"><span class="category_name">과자/아이스크림</span></div></div></a></li><li class="list-item"><a href="best@categoryCode=100001034.html"><div class="img_sec"><img data-src="https://image.gmarket.co.kr/hanbando/202207/f5f1f7ed-e6a5-4ecd-ac66-aa87756158c2.jpg" class="swiper-lazy" alt=""/></div><div class="box__category-name"><div class="box__category-name-inner"><span class="category_name">우유/유제품</span></div></div></a></li><li class="list-item list-item--active"><a aria-current="page" href="best@categoryCode=100001035.html"><div class="img_sec"><img data-src="https://image.gmarket.co.kr/hanbando/202207/089a0e40-92de-4a0e-a8cb-2a18f78c5691.jpg" class="swiper-lazy" alt=""/></div><div class="box__category-name"><div class="box__category-name-inner"><span class="category_name">장류/양념</span></div></div></a></li><li class="list-item"><a href="best@categoryCode=100001036.html"><div class="img_sec"><img data-src="https://image.gmarket.co.kr/hanbando/202207/a5b62bcd-46b5-4059-bb1b-e01878b77ef4.jpg" class="swiper-lazy" alt=""/></div><div class="box__category-name"><div class="box__category-name-inner"><span class="category_name">화장지/위생</span></div></div></a></li><li class="list-item"><a href="best@categoryCode=100001037.html"><div class="img_sec"><img data-src="https://image.gmarket.co.kr/hanbando/202207/c5b6a09a-4955-4829-94d6-c62f818f2f34.jpg" class="swiper-lazy" alt=""/></div><div class="box__category-name"><div class="box__category-name-inner"><span class="category_name">커피/차</span></div></div></a></li><li class="list-item"><a href="best@categoryCode=100001038.html"><div class="img_sec"><img data-src="https://image.gmarket.co.kr/hanbando/202207/23143aa7-715d-4778-8b1e-ab87422a8d3a.jpg" class="swiper-lazy" alt=""/></div><div class="box__category-name"><div class="box__category-name-inner"><span class="category_name">수산물</span></div></div></a></li><li class="list-item"><a href="best@categoryCode=100001039.html"><div class="img_sec"><img data-src="https://image.gmarket.co.kr/hanbando/202207/85d41348-f077-4b90-b0ff-3599d16216b2.jpg" class="swiper-lazy" alt=""/></div><div class="box__category-name"><div class="box__category-name-inner"><span class="category_name">밀키트/반찬</span></div></div></a></li><li class="list-item"><a href="best@categoryCode=100002000.html"><div class="img_sec"><img data-src="https://image.gmarket.co.kr/hanbando/202208/ea1ecb73-6a2c-45f7-8a89-2e130b634a99.jpg" class="swiper-lazy" alt=""/></div><div class="box__category-name"><div class="box__category-name-inner"><span class="category_name">베이커리/잼</span></div></div></a></li><li class="list-item"><a href="best@categoryCode=100002001.html"><div class="img_sec"><img data-src="https://image.gmarket.co.kr/hanbando/202208/7088de74-301b-48ef-911c-f33ed6a22f9b.jpg" class="swiper-lazy" alt=""/></div><div class="box__category-name"><div class="box__category-name-inner"><span class="category_name">건강식품</span></div></div></a></li><li class="list-item"><a href="best@categoryCode=100002002.html"><div class="img_sec"><img data-src="https://image.gmarket.co.kr/hanbando/202208/39888525-4f61-453f-865c-83b6ca536b58.jpg" class="swiper-lazy" alt=""/></div><div class="box__category-name"><div class="box__category-name-inner"><span class="category_name">세탁/청소/욕실용품</span></div></div></a></li><li class="list-item"><a href="best@categoryCode=100002003.html"><div class="img_sec"><img data-src="https://image.gmarket.co.kr/hanbando/202208/a9484e1d-492e-4ab4-84db-1a387177dcbf.jpg" class="swiper-lazy" alt=""/></div><div class="box__category-name"><div class="box__category-name-inner"><span class="category_name">리빙</span></div></div></a></li><li class="list-item"><a href="best@categoryCode=100002004.html"><div class="img_sec"><img data-src="https://image.gmarket.co.kr/hanbando/202208/e0d7614a-763e-4d90-b696-b20c76e890ca.jpg" class="swiper-lazy" alt=""/></div><div class="box__category-name"><div class="box__category-name-inner"><span class="category_name">주방/일회용품</span></div></div></a></li></ul></div><div class="swiper-slide"><ul class="category_slide" aria-label="스마일프레시 베스트 메뉴"><li class="list-item"><a href="best@categoryCode=100002005.html"><div class="img_sec"><img data-src="https://image.gmarket.co.kr/hanbando/202208/231a3b36-5d05-467d-a33a-8651b9cf19c6.jpg" class="swiper-lazy" alt=""/></div><div class="box__category-name"><div class="box__category-name-inner"><span class="category_name">생활잡화/공구</span></div></div></a></li><li class="list-item"><a href="best@categoryCode=100002006.html"><div class="img_sec"><img data-src="https://image.gmarket.co.kr/hanbando/202208/692a0b18-2063-4f86-a0af-3f7bbee09696.jpg" class="swiper-lazy" alt=""/></div><div class="box__category-name"><div class="box__category-name-inner"><span class="category_name">반려동물</span></div></div></a></li><li class="list-item"><a href="best@categoryCode=100002007.html"><div class="img_sec"><img data-src="https://image.gmarket.co.kr/hanbando/202208/ba755a2e-4a11-472c-92f0-6b82f671b1f8.jpg" class="swiper-lazy" alt=""/></div><div class="box__category-name"><div class="box__category-name-inner"><span class="category_name">뷰티</span></div></div></a></li><li class="list-item"><a href="best@categoryCode=100002008.html"><div class="img_sec"><img data-src="https://image.gmarket.co.kr/hanbando/202208/fd6fb0fe-4f81-48ea-bec2-5cc37db6fa18.jpg" class="swiper-lazy" alt=""/></div><div class="box__category-name"><div class="box__category-name-inner"><span class="category_name">유아동/출산/완구</span></div></div></a></li><li class="list-item"><a href="best@categoryCode=100002009.html"><div class="img_sec"><img data-src="https://image.gmarket.co.kr/hanbando/202208/315ccf35-b333-4017-b664-ccb1ba966ef0.jpg" class="swiper-lazy" alt=""/></div><div class="box__category-name"><div class="box__category-name-inner"><span class="category_name">패션/언더웨어</span></div></div></a></li><li class="list-item"><a href="best@categoryCode=100002010.html"><div class="img_sec"><img data-src="https://image.gmarket.co.kr/hanbando/202208/30fc0d1d-ea15-4e02-8f50-f144d06423ca.jpg" class="swiper-lazy" alt=""/></div><div class="box__category-name"><div class="box__category-name-inner"><span class="category_name">잡화/슈즈/명품</span></div></div></a></li><li class="list-item"><a href="best@categoryCode=100002011.html"><div class="img_sec"><img data-src="https://image.gmarket.co.kr/hanbando/202208/fa99b668-5f13-496e-a62d-dce329ead7cc.jpg" class="swiper-lazy" alt=""/></div><div class="box__category-name"><div class="box__category-name-inner"><span class="category_name">스포츠/레저/자동차</span></div></div></a></li><li class="list-item"><a href="best@categoryCode=100002012.html"><div class="img_sec"><img data-src="https://image.gmarket.co.kr/hanbando/202208/f38a6d26-1cc0-4b33-bf23-f933c2190252.jpg" class="swiper-lazy" alt=""/></div><div class="box__category-name"><div class="box__category-name-inner"><span class="category_name">디지털/가전</span></div></div></a></li><li class="list-item"><a href="best@categoryCode=100002013.html"><div class="img_sec"><img data-src="https://image.gmarket.co.kr/hanbando/202208/edd14751-f54a-48ff-ae9a-15a33b10c06c.jpg" class="swiper-lazy" alt=""/></div><div class="box__category-name"><div class="box__category-name-inner"><span class="category_name">문구/취미/도서</span></div></div></a></li><li class="list-item"><a href="best.html"><div class="img_sec"><img data-src="//pics.gmarket.co.kr/pc/single/kr/smilefresh/image__category-all.png" class="swiper-lazy" alt=""/></div><div class="box__category-name"><div class="box__category-name-inner"><span class="category_name">전체</span></div></div></a></li><li class="list-item"><a href="best@categoryCode=100000000.html"><div class="img_sec"><img data-src="https://image.gmarket.co.kr/hanbando/202209/2f7e5c38-9606-4f1a-912e-f969e22f430f.jpg" class="swiper-lazy" alt=""/></div><div class="box__category-name"><div class="box__category-name-inner"><span class="category_name">정육/계란</span></div></div></a></li><li class="list-item"><a href="best@categoryCode=100001005.html"><div class="img_sec"><img data-src="https://image.gmarket.co.kr/hanbando/202207/efc9fa9b-b4d8-4eb4-b44d-dc8a47a8c00a.jpg" class="swiper-lazy" alt=""/></div><div class="box__category-name"><div class="box__category-name-inner"><span class="category_name">과일</span></div></div></a></li></ul></div><div class="swiper-slide"><ul class="category_slide" aria-label="스마일프레시 베스트 메뉴"><li class="list-item"><a href="best@categoryCode=100001006.html"><div class="img_sec"><img data-src="https://image.gmarket.co.kr/hanbando/202207/287cdcc7-47f4-4949-8cdf-2bfb4ff5522e.jpg" class="swiper-lazy" alt=""/></div><div class="box__category-name"><div class="box__category-name-inner"><span class="category_name">냉동/간편식</span></div></div></a></li><li class="list-item"><a href="best@categoryCode=100001007.html"><div class="img_sec"><img data-src="https://image.gmarket.co.kr/hanbando/202207/92c7e264-61a8-4e11-ab2b-d3ad8a7b3ab6.jpg" class="swiper-lazy" alt=""/></div><div class="box__category-name"><div class="box__category-name-inner"><span class="category_name">쌀/잡곡</span></div></div></a></li><li class="list-item"><a href="best@categoryCode=100001008.html"><div class="img_sec"><img data-src="https://image.gmarket.co.kr/hanbando/202209/eb8b0652-724b-465a-800a-49436a3f5435.jpg" class="swiper-lazy" alt=""/></div><div class="box__category-name"><div class="box__category-name-inner"><span class="category_name">채소/두부</span></div></div></a></li><li class="list-item"><a href="best@categoryCode=100001010.html"><div class="img_sec"><img data-src="https://image.gmarket.co.kr/hanbando/202207/9ac23369-57e8-4299-889a-4f5360cd3c28.jpg" class="swiper-lazy" alt=""/></div><div class="box__category-name"><div class="box__category-name-inner"><span class="category_name">라면/즉석식품</span></div></div></a></li><li class="list-item"><a href="best@categoryCode=100001032.html"><div class="img_sec"><img data-src="https://image.gmarket.co.kr/hanbando/202207/a28bdf02-b436-4466-88de-d8f11ca54296.jpg" class="swiper-lazy" alt=""/></div><div class="box__category-name"><div class="box__category-name-inner"><span class="category_name">생수/음료</span></div></div></a></li><li class="list-item"><a href="best@categoryCode=100001033.html"><div class="img_sec"><img data-src="https://image.gmarket.co.kr/hanbando/202207/fd43d2b2-4f77-4e2c-b5da-58d24b91d95b.jpg" class="swiper-lazy" alt=""/></div><div class="box__category-name"><div class="box__category-name-inner"><span class="category_name">과자/아이스크림</span></div></div></a></li><li class="list-item"><a href="best@categoryCode=100001034.html"><div class="img_sec"><img data-src="https://image.gmarket.co.kr/hanbando/202207/f5f1f7ed-e6a5-4ecd-ac66-aa87756158c2.jpg" class="swiper-lazy" alt=""/></div><div class="box__category-name"><div class="box__category-name-inner"><span class="category_name">우유/유제품</span></div></div></a></li><li class="list-item list-item--active"><a aria-current="page" href="best@categoryCode=100001035.html"><div class="img_sec"><img data-src="https://image.gmarket.co.kr/hanbando/202207/089a0e40-92de-4a0e-a8cb-2a18f78c5691.jpg" class="swiper-lazy" alt=""/></div><div class="box__category-name"><div class="box__category-name-inner"><span class="category_name">장류/양념</span></div></div></a></li><li class="list-item"><a href="best@categoryCode=100001036.html"><div class="img_sec"><img data-src="https://image.gmarket.co.kr/hanbando/202207/a5b62bcd-46b5-4059-bb1b-e01878b77ef4.jpg" class="swiper-lazy" alt=""/></div><div class="box__category-name"><div class="box__category-name-inner"><span class="category_name">화장지/위생</span></div></div></a></li><li class="list-item"><a href="best@categoryCode=100001037.html"><div class="img_sec"><img data-src="https://image.gmarket.co.kr/hanbando/202207/c5b6a09a-4955-4829-94d6-c62f818f2f34.jpg" class="swiper-lazy" alt=""/></div><div class="box__category-name"><div class="box__category-name-inner"><span class="category_name">커피/차</span></div></div></a></li><li class="list-item"><a href="best@categoryCode=100001038.html"><div class="img_sec"><img data-src="https://image.gmarket.co.kr/hanbando/202207/23143aa7-715d-4778-8b1e-ab87422a8d3a.jpg" class="swiper-lazy" alt=""/></div><div class="box__category-name"><div class="box__category-name-inner"><span class="category_name">수산물</span></div></div></a></li><li class="list-item"><a href="best@categoryCode=100001039.html"><div class="img_sec"><img data-src="https://image.gmarket.co.kr/hanbando/202207/85d41348-f077-4b90-b0ff-3599d16216b2.jpg" class="swiper-lazy" alt=""/></div><div class="box__category-name"><div class="box__category-name-inner"><span class="category_name">밀키트/반찬</span></div></div></a></li></ul></div><div class="swiper-slide"><ul class="category_slide" aria-label="스마일프레시 베스트 메뉴"><li class="list-item"><a href="best@categoryCode=100002000.html"><div class="img_sec"><img data-src="https://image.gmarket.co.kr/hanbando/202208/ea1ecb73-6a2c-45f7-8a89-2e130b634a99.jpg" class="swiper-lazy" alt=""/></div><div class="box__category-name"><div class="box__category-name-inner"><span class="category_name">베이커리/잼</span></div></div></a></li><li class="list-item"><a href="best@categoryCode=100002001.html"><div class="img_sec"><img data-src="https://image.gmarket.co.kr/hanbando/202208/7088de74-301b-48ef-911c-f33ed6a22f9b.jpg" class="swiper-lazy" alt=""/></div><div class="box__category-name"><div class="box__category-name-inner"><span class="category_name">건강식품</span></div></div></a></li><li class="list-item"><a href="best@categoryCode=100002002.html"><div class="img_sec"><img data-src="https://image.gmarket.co.kr/hanbando/202208/39888525-4f61-453f-865c-83b6ca536b58.jpg" class="swiper-lazy" alt=""/></div><div class="box__category-name"><div class="box__category-name-inner"><span class="category_name">세탁/청소/욕실용품</span></div></div></a></li><li class="list-item"><a href="best@categoryCode=100002003.html"><div class="img_sec"><img data-src="https://image.gmarket.co.kr/hanbando/202208/a9484e1d-492e-4ab4-84db-1a387177dcbf.jpg" class="swiper-lazy" alt=""/></div><div class="box__category-name"><div class="box__category-name-inner"><span class="category_name">리빙</span></div></div></a></li><li class="list-item"><a href="best@categoryCode=100002004.html"><div class="img_sec"><img data-src="https://image.gmarket.co.kr/hanbando/202208/e0d7614a-763e-4d90-b696-b20c76e890ca.jpg" class="swiper-lazy" alt=""/></div><div class="box__category-name"><div class="box__category-name-inner"><span class="category_name">주방/일회용품</span></div></div></a></li><li class="list-item"><a href="best@categoryCode=100002005.html"><div class="img_sec"><img data-src="https://image.gmarket.co.kr/hanbando/202208/231a3b36-5d05-467d-a33a-8651b9cf19c6.jpg" class="swiper-lazy" alt=""/></div><div class="box__category-name"><div class="box__category-name-inner"><span class="category_name">생활잡화/공구</span></div></div></a></li><li class="list-item"><a href="best@categoryCode=100002006.html"><div class="img_sec"><img data-src="https://image.gmarket.co.kr/hanbando/202208/692a0b18-2063-4f86-a0af-3f7bbee09696.jpg" class="swiper-lazy" alt=""/></div><div class="box__category-name"><div class="box__category-name-inner"><span class="category_name">반려동물</span></div></div></a></li><li class="list-item"><a href="best@categoryCode=100002007.html"><div class="img_sec"><img data-src="https://image.gmarket.co.kr/hanbando/202208/ba755a2e-4a11-472c-92f0-6b82f671b1f8.jpg" class="swiper-lazy" alt=""/></div><div class="box__category-name"><div class="box__category-name-inner"><span class="category_name">뷰티</span></div></div></a></li><li class="list-item"><a href="best@categoryCode=100002008.html"><div class="img_sec"><img data-src="https://image.gmarket.co.kr/hanbando/202208/fd6fb0fe-4f81-48ea-bec2-5cc37db6fa18.jpg" class="swiper-lazy" alt=""/></div><div class="box__category-name"><div class="box__category-name-inner"><span class="category_name">유아동/출산/완구</span></div></div></a></li><li class="list-item"><a href="best@categoryCode=100002009.html"><div class="img_sec"><img data-src="https://image.gmarket.co.kr/hanbando/202208/315ccf35-b333-4017-b664-ccb1ba966ef0.jpg" class="swiper-lazy" alt=""/></div><div class="box__category-name"><div class="box__category-name-inner"><span class="category_name">패션/언더웨어</span></div></div></a></li><li class="list-item"><a href="best@categoryCode=100002010.html"><div class="img_sec"><img data-src="https://image.gmarket.co.kr/hanbando/202208/30fc0d1d-ea15-4e02-8f50-f144d06423ca.jpg" class="swiper-lazy" alt=""/></div><div class="box__category-name"><div class="box__category-name-inner"><span class="category_name">잡화/슈즈/명품</span></div></div></a></li><li class="list-item"><a href="best@categoryCode=100002011.html"><div class="img_sec"><img data-src="https://image.gmarket.co.kr/hanbando/202208/fa99b668-5f13-496e-a62d-dce329ead7cc.jpg" class="swiper-lazy" alt=""/></div><div class="box__category-name"><div class="box__category-name-inner"><span class="category_name">스포츠/레저/자동차</span></div></div></a></li></ul></div><div class="swiper-slide"><ul class="category_slide" aria-label="스마일프레시 베스트 메뉴"><li class="list-item"><a href="best@categoryCode=100002012.html"><div class="img_sec"><img data-src="https://image.gmarket.co.kr/hanbando/202208/f38a6d26-1cc0-4b33-bf23-f933c2190252.jpg" class="swiper-lazy" alt=""/></div><div class="box__category-name"><div class="box__category-name-inner"><span class="category_name">디지털/가전</span></div></div></a></li><li class="list-item"><a href="best@categoryCode=100002013.html"><div class="img_sec"><img data-src="https://image.gmarket.co.kr/hanbando/202208/edd14751-f54a-48ff-ae9a-15a33b10c06c.jpg" class="swiper-lazy" alt=""/></div><div class="box__category-name"><div class="box__category-name-inner"><span class="category_name">문구/취미/도서</span></div></div></a></li><li class="list-item"><a href="best.html"><div class="img_sec"><img data-src="//pics.gmarket.co.kr/pc/single/kr/smilefresh/image__category-all.png" class="swiper-lazy" alt=""/></div><div class="box__category-name"><div class="box__category-name-inner"><span class="category_name">전체</span></div></div></a></li><li class="list-item"><a href="best@categoryCode=100000000.html"><div class="img_sec"><img data-src="https://image.gmarket.co.kr/hanbando/202209/2f7e5c38-9606-4f1a-912e-f969e22f430f.jpg" class="swiper-lazy" alt=""/></div><div class="box__category-name"><div class="box__category-name-inner"><span class="category_name">정육/계란</span></div></div></a></li><li class="list-item"><a href="best@categoryCode=100001005.html"><div class="img_sec"><img data-src="https://image.gmarket.co.kr/hanbando/202207/efc9fa9b-b4d8-4eb4-b44d-dc8a47a8c00a.jpg" class="swiper-lazy" alt=""/></div><div class="box__category-name"><div class="box__category-name-inner"><span class="category_name">과일</span></div></div></a></li><li class="list-item"><a href="best@categoryCode=100001006.html"><div class="img_sec"><img data-src="https://image.gmarket.co.kr/hanbando/202207/287cdcc7-47f4-4949-8cdf-2bfb4ff5522e.jpg" class="swiper-lazy" alt=""/></div><div class="box__category-name"><div class="box__category-name-inner"><span class="category_name">냉동/간편식</span></div></div></a></li><li class="list-item"><a href="best@categoryCode=100001007.html"><div class="img_sec"><img data-src="https://image.gmarket.co.kr/hanbando/202207/92c7e264-61a8-4e11-ab2b-d3ad8a7b3ab6.jpg" class="swiper-lazy" alt=""/></div><div class="box__category-name"><div class="box__category-name-inner"><span class="category_name">쌀/잡곡</span></div></div></a></li><li class="list-item"><a href="best@categoryCode=100001008.html"><div class="img_sec"><img data-src="https://image.gmarket.co.kr/hanbando/202209/eb8b0652-724b-465a-800a-49436a3f5435.jpg" class="swiper-lazy" alt=""/></div><div class="box__category-name"><div class="box__category-name-inner"><span class="category_name">채소/두부</span></div></div></a></li><li class="list-item"><a href="best@categoryCode=100001010.html"><div class="img_sec"><img data-src="https://image.gmarket.co.kr/hanbando/202207/9ac23369-57e8-4299-889a-4f5360cd3c28.jpg" class="swiper-lazy" alt=""/></div><div class="box__category-name"><div class="box__category-name-inner"><span class="category_name">라면/즉석식품</span></div></div></a></li><li class="list-item"><a href="best@categoryCode=100001032.html"><div class="img_sec"><img data-src="https://image.gmarket.co.kr/hanbando/202207/a28bdf02-b436-4466-88de-d8f11ca54296.jpg" class="swiper-lazy" alt=""/></div><div class="box__category-name"><div class="box__category-name-inner"><span class="category_name">생수/음료</span></div></div></a></li><li class="list-item"><a href="best@categoryCode=100001033.html"><div class="img_sec"><img data-src="https://image.gmarket.co.kr/hanbando/202207/fd43d2b2-4f77-4e2c-b5da-58d24b91d95b.jpg" class="swiper-lazy" alt=""/></div><div class="box__category-name"><div class="box__category-name-inner"><span class="category_name">과자/아이스크림</span></div></div></a></li><li class="list-item"><a href="best@categoryCode=100001034.html"><div class="img_sec"><img data-src="https://image.gmarket.co.kr/hanbando/202207/f5f1f7ed-e6a5-4ecd-ac66-aa87756158c2.jpg" class="swiper-lazy" alt=""/></div><div class="box__category-name"><div class="box__category-name-inner"><span class="category_name">우유/유제품</span></div></div></a></li></ul></div><div class="swiper-slide"><ul class="category_slide" aria-label="스마일프레시 베스트 메뉴"><li class="list-item list-item--active"><a aria-current="page" href="best@categoryCode=100001035.html"><div class="img_sec"><img data-src="https://image.gmarket.co.kr/hanbando/202207/089a0e40-92de-4a0e-a8cb-2a18f78c5691.jpg" class="swiper-lazy" alt=""/></div><div class="box__category-name"><div class="box__category-name-inner"><span class="category_name">장류/양념</span></div></div></a></li><li class="list-item"><a href="best@categoryCode=100001036.html"><div class="img_sec"><img data-src="https://image.gmarket.co.kr/hanbando/202207/a5b62bcd-46b5-4059-bb1b-e01878b77ef4.jpg" class="swiper-lazy" alt=""/></div><div class="box__category-name"><div class="box__category-name-inner"><span class="category_name">화장지/위생</span></div></div></a></li><li class="list-item"><a href="best@categoryCode=100001037.html"><div class="img_sec"><img data-src="https://image.gmarket.co.kr/hanbando/202207/c5b6a09a-4955-4829-94d6-c62f818f2f34.jpg" class="swiper-lazy" alt=""/></div><div class="box__category-name"><div class="box__category-name-inner"><span class="category_name">커피/차</span></div></div></a></li><li class="list-item"><a href="best@categoryCode=100001038.html"><div class="img_sec"><img data-src="https://image.gmarket.co.kr/hanbando/202207/23143aa7-715d-4778-8b1e-ab87422a8d3a.jpg" class="swiper-lazy" alt=""/></div><div class="box__category-name"><div class="box__category-name-inner"><span class="category_name">수산물</span></div></div></a></li><li class="list-item"><a href="best@categoryCode=100001039.html"><div class="img_sec"><img data-src="https://image.gmarket.co.kr/hanbando/202207/85d41348-f077-4b90-b0ff-3599d16216b2.jpg" class="swiper-lazy" alt=""/></div><div class="box__category-name"><div class="box__category-name-inner"><span class="category_name">밀키트/반찬</span></div></div></a></li><li class="list-item"><a href="best@categoryCode=100002000.html"><div class="img_sec"><img data-src="https://image.gmarket.co.kr/hanbando/202208/ea1ecb73-6a2c-45f7-8a89-2e130b634a99.jpg" class="swiper-lazy" alt=""/></div><div class="box__category-name"><div class="box__category-name-inner"><span class="category_name">베이커리/잼</span></div></div></a></li><li class="list-item"><a href="best@categoryCode=100002001.html"><div class="img_sec"><img data-src="https://image.gmarket.co.kr/hanbando/202208/7088de74-301b-48ef-911c-f33ed6a22f9b.jpg" class="swiper-lazy" alt=""/></div><div class="box__category-name"><div class="box__category-name-inner"><span class="category_name">건강식품</span></div></div></a></li><li class="list-item"><a href="best@categoryCode=100002002.html"><div class="img_sec"><img data-src="https://image.gmarket.co.kr/hanbando/202208/39888525-4f61-453f-865c-83b6ca536b58.jpg" class="swiper-lazy" alt=""/></div><div class="box__category-name"><div class="box__category-name-inner"><span class="category_name">세탁/청소/욕실용품</span></div></div></a></li><li class="list-item"><a href="best@categoryCode=100002003.html"><div class="img_sec"><img data-src="https://image.gmarket.co.kr/hanbando/202208/a9484e1d-492e-4ab4-84db-1a387177dcbf.jpg" class="swiper-lazy" alt=""/></div><div class="box__category-name"><div class="box__category-name-inner"><span class="category_name">리빙</span></div></div></a></li><li class="list-item"><a href="best@categoryCode=100002004.html"><div class="img_sec"><img data-src="https://image.gmarket.co.kr/hanbando/202208/e0d7614a-763e-4d90-b696-b20c76e890ca.jpg" class="swiper-lazy" alt=""/></div><div class="box__category-name"><div class="box__category-name-inner"><span class="category_name">주방/일회용품</span></div></div></a></li><li class="list-item"><a href="best@categoryCode=100002005.html"><div class="img_sec"><img data-src="https://image.gmarket.co.kr/hanbando/202208/231a3b36-5d05-467d-a33a-8651b9cf19c6.jpg" class="swiper-lazy" alt=""/></div><div class="box__category-name"><div class="box__category-name-inner"><span class="category_name">생활잡화/공구</span></div></div></a></li><li class="list-item"><a href="best@categoryCode=100002006.html"><div class="img_sec"><img data-src="https://image.gmarket.co.kr/hanbando/202208/692a0b18-2063-4f86-a0af-3f7bbee09696.jpg" class="swiper-lazy" alt=""/></div><div class="box__category-name"><div class="box__category-name-inner"><span class="category_name">반려동물</span></div></div></a></li></ul></div><div class="swiper-slide"><ul class="category_slide" aria-label="스마일프레시 베스트 메뉴"><li class="list-item"><a href="best@categoryCode=100002007.html"><div class="img_sec"><img data-src="https://image.gmarket.co.kr/hanbando/202208/ba755a2e-4a11-472c-92f0-6b82f671b1f8.jpg" class="swiper-lazy" alt=""/></div><div class="box__category-name"><div class="box__category-name-inner"><span class="category_name">뷰티</span></div></div></a></li><li class="list-item"><a href="best@categoryCode=100002008.html"><div class="img_sec"><img data-src="https://image.gmarket.co.kr/hanbando/202208/fd6fb0fe-4f81-48ea-bec2-5cc37db6fa18.jpg" class="swiper-lazy" alt=""/></div><div class="box__category-name"><div class="box__category-name-inner"><span class="category_name">유아동/출산/완구</span></div></div></a></li><li class="list-item"><a href="best@categoryCode=100002009.html"><div class="img_sec"><img data-src="https://image.gmarket.co.kr/hanbando/202208/315ccf35-b333-4017-b664-ccb1ba966ef0.jpg" class="swiper-lazy" alt=""/></div><div class="box__category-name"><div class="box__category-name-inner"><span class="category_name">패션/언더웨어</span></div></div></a></li><li class="list-item"><a href="best@categoryCode=100002010.html"><div class="img_sec"><img data-src="https://image.gmarket.co.kr/hanbando/202208/30fc0d1d-ea15-4e02-8f50-f144d06423ca.jpg" class="swiper-lazy" alt=""/></div><div class="box__category-name"><div class="box__category-name-inner"><span class="category_name">잡화/슈즈/명품</span></div></div></a></li><li class="list-item"><a href="best@categoryCode=100002011.html"><div class="img_sec"><img data-src="https://image.gmarket.co.kr/hanbando/202208/fa99b668-5f13-496e-a62d-dce329ead7cc.jpg" class="swiper-lazy" alt=""/></div><div class="box__category-name"><div class="box__category-name-inner"><span class="category_name">스포츠/레저/자동차</span></div></div></a></li><li class="list-item"><a href="best@categoryCode=100002012.html"><div class="img_sec"><img data-src="https://image.gmarket.co.kr/hanbando/202208/f38a6d26-1cc0-4b33-bf23-f933c2190252.jpg" class="swiper-lazy" alt=""/></div><div class="box__category-name"><div class="box__category-name-inner"><span class="category_name">디지털/가전</span></div></div></a></li><li class="list-item"><a href="best@categoryCode=100002013.html"><div class="img_sec"><img data-src="https://image.gmarket.co.kr/hanbando/202208/edd14751-f54a-48ff-ae9a-15a33b10c06c.jpg" class="swiper-lazy" alt=""/></div><div class="box__category-name"><div class="box__category-name-inner"><span class="category_name">문구/취미/도서</span></div></div></a></li><li class="list-item"><a href="best.html"><div class="img_sec"><img data-src="//pics.gmarket.co.kr/pc/single/kr/smilefresh/image__category-all.png" class="swiper-lazy" alt=""/></div><div class="box__category-name"><div class="box__category-name-inner"><span class="category_name">전체</span></div></div></a></li><li class="list-item"><a href="best@categoryCode=100000000.html"><div class="img_sec"><img data-src="https://image.gmarket.co.kr/hanbando/202209/2f7e5c38-9606-4f1a-912e-f969e22f430f.jpg" class="swiper-lazy" alt=""/></div><div class="box__category-name"><div class="box__category-name-inner"><span class="category_name">정육/계란</span></div></div></a></li><li class="list-item"><a href="best@categoryCode=100001005.html"><div class="img_sec"><img data-src="https://image.gmarket.co.kr/hanbando/202207/efc9fa9b-b4d8-4eb4-b44d-dc8a47a8c00a.jpg" class="swiper-lazy" alt=""/></div><div class="box__category-name"><div class="box__category-name-inner"><span class="category_name">과일</span></div></div></a></li><li class="list-item"><a href="best@categoryCode=100001006.html"><div class="img_sec"><img data-src="https://image.gmarket.co.kr/hanbando/202207/287cdcc7-47f4-4949-8cdf-2bfb4ff5522e.jpg" class="swiper-lazy" alt=""/></div><div class="box__category-name"><div class="box__category-name-inner"><span class="category_name">냉동/간편식</span></div></div></a></li><li class="list-item"><a href="best@categoryCode=100001007.html"><div class="img_sec"><img data-src="https://image.gmarket.co.kr/hanbando/202207/92c7e264-61a8-4e11-ab2b-d3ad8a7b3ab6.jpg" class="swiper-lazy" alt=""/></div><div class="box__category-name"><div class="box__category-name-inner"><span class="category_name">쌀/잡곡</span></div></div></a></li></ul></div><div class="swiper-slide"><ul class="category_slide" aria-label="스마일프레시 베스트 메뉴"><li class="list-item"><a href="best@categoryCode=100001008.html"><div class="img_sec"><img data-src="https://image.gmarket.co.kr/hanbando/202209/eb8b0652-724b-465a-800a-49436a3f5435.jpg" class="swiper-lazy" alt=""/></div><div class="box__category-name"><div class="box__category-name-inner"><span class="category_name">채소/두부</span></div></div></a></li><li class="list-item"><a href="best@categoryCode=100001010.html"><div class="img_sec"><img data-src="https://image.gmarket.co.kr/hanbando/202207/9ac23369-57e8-4299-889a-4f5360cd3c28.jpg" class="swiper-lazy" alt=""/></div><div class="box__category-name"><div class="box__category-name-inner"><span class="category_name">라면/즉석식품</span></div></div></a></li><li class="list-item"><a href="best@categoryCode=100001032.html"><div class="img_sec"><img data-src="https://image.gmarket.co.kr/hanbando/202207/a28bdf02-b436-4466-88de-d8f11ca54296.jpg" class="swiper-lazy" alt=""/></div><div class="box__category-name"><div class="box__category-name-inner"><span class="category_name">생수/음료</span></div></div></a></li><li class="list-item"><a href="best@categoryCode=100001033.html"><div class="img_sec"><img data-src="https://image.gmarket.co.kr/hanbando/202207/fd43d2b2-4f77-4e2c-b5da-58d24b91d95b.jpg" class="swiper-lazy" alt=""/></div><div class="box__category-name"><div class="box__category-name-inner"><span class="category_name">과자/아이스크림</span></div></div></a></li><li class="list-item"><a href="best@categoryCode=100001034.html"><div class="img_sec"><img data-src="https://image.gmarket.co.kr/hanbando/202207/f5f1f7ed-e6a5-4ecd-ac66-aa87756158c2.jpg" class="swiper-lazy" alt=""/></div><div class="box__category-name"><div class="box__category-name-inner"><span class="category_name">우유/유제품</span></div></div></a></li><li class="list-item list-item--active"><a aria-current="page" href="best@categoryCode=100001035.html"><div class="img_sec"><img data-src="https://image.gmarket.co.kr/hanbando/202207/089a0e40-92de-4a0e-a8cb-2a18f78c5691.jpg" class="swiper-lazy" alt=""/></div><div class="box__category-name"><div class="box__category-name-inner"><span class="category_name">장류/양념</span></div></div></a></li><li class="list-item"><a href="best@categoryCode=100001036.html"><div class="img_sec"><img data-src="https://image.gmarket.co.kr/hanbando/202207/a5b62bcd-46b5-4059-bb1b-e01878b77ef4.jpg" class="swiper-lazy" alt=""/></div><div class="box__category-name"><div class="box__category-name-inner"><span class="category_name">화장지/위생</span></div></div></a></li><li class="list-item"><a href="best@categoryCode=100001037.html"><div class="img_sec"><img data-src="https://image.gmarket.co.kr/hanbando/202207/c5b6a09a-4955-4829-94d6-c62f818f2f34.jpg" class="swiper-lazy" alt=""/></div><div class="box__category-name"><div class="box__category-name-inner"><span class="category_name">커피/차</span></div></div></a></li><li class="list-item"><a href="best@categoryCode=100001038.html"><div class="img_sec"><img data-src="https://image.gmarket.co.kr/hanbando/202207/23143aa7-715d-4778-8b1e-ab87422a8d3a.jpg" class="swiper-lazy" alt=""/></div><div class="box__category-name"><div class="box__category-name-inner"><span class="category_name">수산물</span></div></div></a></li><li class="list-item"><a href="best@categoryCode=100001039.html"><div class="img_sec"><img data-src="https://image.gmarket.co.kr/hanbando/202207/85d41348-f077-4b90-b0ff-3599d16216b2.jpg" class="swiper-lazy" alt=""/></div><div class="box__category-name"><div class="box__category-name-inner"><span class="category_name">밀키트/반찬</span></div></div></a></li><li class="list-item"><a href="best@categoryCode=100002000.html"><div class="img_sec"><img data-src="https://image.gmarket.co.kr/hanbando/202208/ea1ecb73-6a2c-45f7-8a89-2e130b634a99.jpg" class="swiper-lazy" alt=""/></div><div class="box__category-name"><div class="box__category-name-inner"><span class="category_name">베이커리/잼</span></div></div></a></li><li class="list-item"><a href="best@categoryCode=100002001.html"><div class="img_sec"><img data-src="https://image.gmarket.co.kr/hanbando/202208/7088de74-301b-48ef-911c-f33ed6a22f9b.jpg" class="swiper-lazy" alt=""/></div><div class="box__category-name"><div class="box__category-name-inner"><span class="category_name">건강식품</span></div></div></a></li></ul></div><div class="swiper-slide"><ul class="category_slide" aria-label="스마일프레시 베스트 메뉴"><li class="list-item"><a href="best@categoryCode=100002002.html"><div class="img_sec"><img data-src="https://image.gmarket.co.kr/hanbando/202208/39888525-4f61-453f-865c-83b6ca536b58.jpg" class="swiper-lazy" alt=""/></div><div class="box__category-name"><div class="box__category-name-inner"><span class="category_name">세탁/청소/욕실용품</span></div></div></a></li><li class="list-item"><a href="best@categoryCode=100002003.html"><div class="img_sec"><img data-src="https://image.gmarket.co.kr/hanbando/202208/a9484e1d-492e-4ab4-84db-1a387177dcbf.jpg" class="swiper-lazy" alt=""/></div><div class="box__category-name"><div class="box__category-name-inner"><span class="category_name">리빙</span></div></div></a></li><li class="list-item"><a href="best@categoryCode=100002004.html"><div class="img_sec"><img data-src="https://image.gmarket.co.kr/hanbando/202208/e0d7614a-763e-4d90-b696-b20c76e890ca.jpg" class="swiper-lazy" alt=""/></div><div class="box__category-name"><div class="box__category-name-inner"><span class="category_name">주방/일회용품</span></div></div></a></li><li class="list-item"><a href="best@categoryCode=100002005.html"><div class="img_sec"><img data-src="https://image.gmarket.co.kr/hanbando/202208/231a3b36-5d05-467d-a33a-8651b9cf19c6.jpg" class="swiper-lazy" alt=""/></div><div class="box__category-name"><div class="box__category-name-inner"><span class="category_name">생활잡화/공구</span></div></div></a></li><li class="list-item"><a href="best@categoryCode=100002006.html"><div class="img_sec"><img data-src="https://image.gmarket.co.kr/hanbando/202208/692a0b18-2063-4f86-a0af-3f7bbee09696.jpg" class="swiper-lazy" alt=""/></div><div class="box__category-name"><div class="box__category-name-inner"><span class="category_name">반려동물</span></div></div></a></li><li class="list-item"><a href="best@categoryCode=100002007.html"><div class="img_sec"><img data-src="https://image.gmarket.co.kr/hanbando/202208/ba755a2e-4a11-472c-92f0-6b82f671b1f8.jpg" class="swiper-lazy" alt=""/></div><div class="box__category-name"><div class="box__category-name-inner"><span class="category_name">뷰티</span></div></div></a></li><li class="list-item"><a href="best@categoryCode=100002008.html"><div class="img_sec"><img data-src="https://image.gmarket.co.kr/hanbando/202208/fd6fb0fe-4f81-48ea-bec2-5cc37db6fa18.jpg" class="swiper-lazy" alt=""/></div><div class="box__category-name"><div class="box__category-name-inner"><span class="category_name">유아동/출산/완구</span></div></div></a></li><li class="list-item"><a href="best@categoryCode=100002009.html"><div class="img_sec"><img data-src="https://image.gmarket.co.kr/hanbando/202208/315ccf35-b333-4017-b664-ccb1ba966ef0.jpg" class="swiper-lazy" alt=""/></div><div class="box__category-name"><div class="box__category-name-inner"><span class="category_name">패션/언더웨어</span></div></div></a></li><li class="list-item"><a href="best@categoryCode=100002010.html"><div class="img_sec"><img data-src="https://image.gmarket.co.kr/hanbando/202208/30fc0d1d-ea15-4e02-8f50-f144d06423ca.jpg" class="swiper-lazy" alt=""/></div><div class="box__category-name"><div class="box__category-name-inner"><span class="category_name">잡화/슈즈/명품</span></div></div></a></li><li class="list-item"><a href="best@categoryCode=100002011.html"><div class="img_sec"><img data-src="https://image.gmarket.co.kr/hanbando/202208/fa99b668-5f13-496e-a62d-dce329ead7cc.jpg" class="swiper-lazy" alt=""/></div><div class="box__category-name"><div class="box__category-name-inner"><span class="category_name">스포츠/레저/자동차</span></div></div></a></li><li class="list-item"><a href="best@categoryCode=100002012.html"><div class="img_sec"><img data-src="https://image.gmarket.co.kr/hanbando/202208/f38a6d26-1cc0-4b33-bf23-f933c2190252.jpg" class="swiper-lazy" alt=""/></div><div class="box__category-name"><div class="box__category-name-inner"><span class="category_name">디지털/가전</span></div></div></a></li><li class="list-item"><a href="best@categoryCode=100002013.html"><div class="img_sec"><img data-src="https://image.gmarket.co.kr/hanbando/202208/edd14751-f54a-48ff-ae9a-15a33b10c06c.jpg" class="swiper-lazy" alt=""/></div><div class="box__category-name"><div class="box__category-name-inner"><span class="category_name">문구/취미/도서</span></div></div></a></li></ul></div></div></div></div><div class="nav"><button type="button" class="sprite__smilefresh swiper-button-prev prev" aria-label="이전 슬라이드"></button><button type="button" class="sprite__smilefresh swiper-button-next next" aria-label="다음 슬라이드"></button></div></div></div></div><div class="box__smilefresh-inner"><div class="box__itemcard"><div class="box__items-list"><ul class="list__itemcard-slide"><li class="list-item"><div class="box__itemcard-container"><div class="box__itemcard-body"><div class="box__itemcard-inner"><span class="box__thumbnail__label">1</span><a class="link__itemcard" href="https://item.gmarket.co.kr/Item?goodscode=2518442470" tabindex="-1" aria-hidden="true"><span class="box__itemcard-img"><img class="image__itemcard no-js-400?ver=1725092658" src="data:image/gif;base64,R0lGODlhAQABAIAAAP///wAAACH5BAEAAAAALAAAAAABAAEAAAICRAEAOw==" alt="CJ 다담 순두부 찌개양념 140g - 상품 이미지"/><noscript><style>.no-js-400?ver=1725092658 { display: none !important; }</style><img class="image__itemcard" src="https://gdimg.gmarket.co.kr/2518442470/still/400?ver=1725092658" alt="CJ 다담 순두부 찌개양념 140g - 상품 이미지"/></noscript></span></a><div class="box__itemcard-info"><div class="box__element-info"><div class="element-info-qty"><button aria-describedby="itemCard_title_2518442470" class="sprite__smilefresh--before element-info-qty-minus" aria-disabled="true"><span class="for-a11y">상품 수 <!-- -->1<!-- --> 감소</span></button><span class="element-info-item-qty" aria-describedby="itemCard_title_2518442470"><span class="for-a11y">선택된 수량</span> <!-- -->1</span><button aria-describedby="itemCard_title_2518442470" class="sprite__smilefresh--before element-info-qty-plus"><span class="for-a11y">상품 수 <!-- -->1<!-- --> 증가</span></button></div><button type="button" class="sprite__smilefresh--before element-info-cart" aria-describedby="itemCard_title_2518442470"><span class="for-a11y">장바구니 담기</span></button></div><a href="https://item.gmarket.co.kr/Item?goodscode=2518442470" class="link__itemcard-info"><span class="box__itemcard-title-area" id="itemCard_title_2518442470"><span class="text__brand"><span class="text">백설</span></span><span class="text__title" id="item_title">CJ 다담 순두부 찌개양념 140g</span></span><span class="box__itemcard-price-area"><span class="box__price-seller"><span class="for-a11y">판매가</span><strong class="text__price-seller">2,380</strong><span class="text__unit">원</span></span><span class="box__prime-cost"><span class="for-a11y">원가</span><span class="text__unit-cost">(<!-- -->100g당 1,700원<!-- -->)</span></span></span><span class="box__itemcard-info-score"><span class="sprite__smilefresh--before box__score-awards"><span class="for-a11y">평점</span><span class="text text__score">4.8</span><span class="for-a11y">후기</span><span class="text text__num">(3,231)</span><span class="for-a11y">건</span></span><span class="box__score-buycnt"><span class="text text__buy">구매</span><span class="text text__num">17,210</span><span class="for-a11y">건</span></span></span><span class="box__itemcard-benefit-tag"><span class="box__tag box__tag-coupon"><span class="sprite__smilefresh--before box__inner">15% 쿠폰</span></span></span></a><button type="button" class="sprite__smilefresh--after button__favorite-item" aria-describedby="itemCard_title_2518442470" aria-pressed="false" aria-label="관심상품 등록하기"></button></div></div></div></div></li><li class="list-item"><div class="box__itemcard-container"><div class="box__itemcard-body"><div class="box__itemcard-inner"><span class="box__thumbnail__label">2</span><a class="link__itemcard" href="https://item.gmarket.co.kr/Item?goodscode=2518506569" tabindex="-1" aria-hidden="true"><span class="box__itemcard-img"><img class="image__itemcard no-js-400?ver=1725088014" src="data:image/gif;base64,R0lGODlhAQABAIAAAP///wAAACH5BAEAAAAALAAAAAABAAEAAAICRAEAOw==" alt="백설 올리브오일900ml - 상품 이미지"/><noscript><style>.no-js-400?ver=1725088014 { display: none !important; }</style><img class="image__itemcard" src="https://gdimg.gmarket.co.kr/2518506569/still/400?ver=1725088014" alt="백설 올리브오일900ml - 상품 이미지"/></noscript></span></a><div class="box__itemcard-info"><div class="box__element-info"><div class="element-info-qty"><button aria-describedby="itemCard_title_2518506569" class="sprite__smilefresh--before element-info-qty-minus" aria-disabled="true"><span class="for-a11y">상품 수 <!-- -->1<!-- --> 감소</span></button><span class="element-info-item-qty" aria-describedby="itemCard_title_2518506569"><span class="for-a11y">선택된 수량</span> <!-- -->1</span><button aria-describedby="itemCard_title_2518506569" class="sprite__smilefresh--before element-info-qty-plus"><span class="for-a11y">상품 수 <!-- -->1<!-- --> 증가</span></button></div><button type="button" class="sprite__smilefresh--before element-info-cart" aria-describedby="itemCard_title_2518506569"><span class="for-a11y">장바구니 담기</span></button></div><a href="https://item.gmarket.co.kr/Item?goodscode=2518506569" class="link__itemcard-info"><span class="box__itemcard-title-area" id="itemCard_title_2518506569"><span class="text__brand"><span class="text">백설</span></span><span class="text__title" id="item_title">백설 올리브오일900ml</span></span><span class="box__itemcard-price-area"><span class="box__price-seller"><span class="for-a11y">판매가</span><strong class="text__price-seller">19,800</strong><span class="text__unit">원</span></span><span class="box__prime-cost"><span class="for-a11y">원가</span><span class="text__unit-cost">(<!-- -->100mL당 2,200원<!-- -->)</span></span></span><span class="box__itemcard-info-score"><span class="sprite__smilefresh--before box__score-awards"><span class="for-a11y">평점</span><span class="text text__score">4.8</span><span class="for-a11y">후기</span><span class="text text__num">(880)</span><span class="for-a11y">건</span></span><span class="box__score-buycnt"><span class="text text__buy">구매</span><span class="text text__num">3,309</span><span class="for-a11y">건</span></span></span><span class="box__itemcard-benefit-tag"><span class="box__tag box__tag-coupon"><span class="sprite__smilefresh--before box__inner">15% 쿠폰</span></span></span></a><button type="button" class="sprite__smilefresh--after button__favorite-item" aria-describedby="itemCard_title_2518506569" aria-pressed="false" aria-label="관심상품 등록하기"></button></div></div></div></div></li><li class="list-item"><div class="box__itemcard-container"><div class="box__itemcard-body"><div class="box__itemcard-inner"><span class="box__thumbnail__label">3</span><a class="link__itemcard" href="https://item.gmarket.co.kr/Item?goodscode=2522514198" tabindex="-1" aria-hidden="true"><span class="box__itemcard-img"><img class="image__itemcard no-js-400?ver=1725102784" src="data:image/gif;base64,R0lGODlhAQABAIAAAP///wAAACH5BAEAAAAALAAAAAABAAEAAAICRAEAOw==" alt="산루카스아보카도오일 1000ml - 상품 이미지"/><noscript><style>.no-js-400?ver=1725102784 { display: none !important; }</style><img class="image__itemcard" src="https://gdimg.gmarket.co.kr/2522514198/still/400?ver=1725102784" alt="산루카스아보카도오일 1000ml - 상품 이미지"/></noscript></span></a><div class="box__itemcard-info"><div class="box__element-info"><div class="element-info-qty"><button aria-describedby="itemCard_title_2522514198" class="sprite__smilefresh--before element-info-qty-minus" aria-disabled="true"><span class="for-a11y">상품 수 <!-- -->1<!-- --> 감소</span></button><span class="element-info-item-qty" aria-describedby="itemCard_title_2522514198"><span class="for-a11y">선택된 수량</span> <!-- -->1</span><button aria-describedby="itemCard_title_2522514198" class="sprite__smilefresh--before element-info-qty-plus"><span class="for-a11y">상품 수 <!-- -->1<!-- --> 증가</span></button></div><button type="button" class="sprite__smilefresh--before element-info-cart" aria-describedby="itemCard_title_2522514198"><span class="for-a11y">장바구니 담기</span></button></div><a href="https://item.gmarket.co.kr/Item?goodscode=2522514198" class="link__itemcard-info"><span class="box__itemcard-title-area" id="itemCard_title_2522514198"><span class="text__title" id="item_title">산루카스아보카도오일 1000ml</span></span><span class="box__itemcard-price-area"><span class="box__price-seller"><span class="for-a11y">판매가</span><strong class="text__price-seller">24,980</strong><span class="text__unit">원</span></span></span><span class="box__itemcard-info-score"><span class="sprite__smilefresh--before box__score-awards"><span class="for-a11y">평점</span><span class="text text__score">4.8</span><span class="for-a11y">후기</span><span class="text text__num">(939)</span><span class="for-a11y">건</span></span><span class="box__score-buycnt"><span class="text text__buy">구매</span><span class="text text__num">3,681</span><span class="for-a11y">건</span></span></span><span class="box__itemcard-benefit-tag"><span class="box__tag box__tag-coupon"><span class="sprite__smilefresh--before box__inner">15% 쿠폰</span></span></span></a><button type="button" class="sprite__smilefresh--after button__favorite-item" aria-describedby="itemCard_title_2522514198" aria-pressed="false" aria-label="관심상품 등록하기"></button></div></div></div></div></li><li class="list-item"><div class="box__itemcard-container"><div class="box__itemcard-body"><div class="box__itemcard-inner"><span class="box__thumbnail__label">4</span><a class="link__itemcard" href="https://item.gmarket.co.kr/Item?goodscode=3175864982" tabindex="-1" aria-hidden="true"><span class="box__itemcard-img"><img class="image__itemcard no-js-400?ver=1725134781" src="data:image/gif;base64,R0lGODlhAQABAIAAAP///wAAACH5BAEAAAAALAAAAAABAAEAAAICRAEAOw==" alt="백설 멸치디포리가득 육수에는 1분링 80g - 상품 이미지"/><noscript><style>.no-js-400?ver=1725134781 { display: none !important; }</style><img class="image__itemcard" src="https://gdimg.gmarket.co.kr/3175864982/still/400?ver=1725134781" alt="백설 멸치디포리가득 육수에는 1분링 80g - 상품 이미지"/></noscript></span></a><div class="box__itemcard-info"><div class="box__element-info"><div class="element-info-qty"><button aria-describedby="itemCard_title_3175864982" class="sprite__smilefresh--before element-info-qty-minus" aria-disabled="true"><span class="for-a11y">상품 수 <!-- -->1<!-- --> 감소</span></button><span class="element-info-item-qty" aria-describedby="itemCard_title_3175864982"><span class="for-a11y">선택된 수량</span> <!-- -->1</span><button aria-describedby="itemCard_title_3175864982" class="sprite__smilefresh--before element-info-qty-plus"><span class="for-a11y">상품 수 <!-- -->1<!-- --> 증가</span></button></div><button type="button" class="sprite__smilefresh--before element-info-cart" aria-describedby="itemCard_title_3175864982"><span class="for-a11y">장바구니 담기</span></button></div><a href="https://item.gmarket.co.kr/Item?goodscode=3175864982" class="link__itemcard-info"><span class="box__itemcard-title-area" id="itemCard_title_3175864982"><span class="text__title" id="item_title">백설 멸치디포리가득 육수에는 1분링 80g</span></span><span class="box__itemcard-price-area"><span class="box__price-seller"><span class="for-a11y">판매가</span><strong class="text__price-seller">7,980</strong><span class="text__unit">원</span></span></span><span class="box__itemcard-info-score"><span class="sprite__smilefresh--before box__score-awards"><span class="for-a11y">평점</span><span class="text text__score">4.7</span><span class="for-a11y">후기</span><span class="text text__num">(1,332)</span><span class="for-a11y">건</span></span><span class="box__score-buycnt"><span class="text text__buy">구매</span><span class="text text__num">5,122</span><span class="for-a11y">건</span></span></span><span class="box__itemcard-benefit-tag"><span class="box__tag box__tag-coupon"><span class="sprite__smilefresh--before box__inner">15% 쿠폰</span></span></span></a><button type="button" class="sprite__smilefresh--after button__favorite-item" aria-describedby="itemCard_title_3175864982" aria-pressed="false" aria-label="관심상품 등록하기"></button></div></div></div></div></li><li class="list-item"><div class="box__itemcard-container"><div class="box__itemcard-body"><div class="box__itemcard-inner"><span class="box__thumbnail__label">5</span><a class="link__itemcard" href="https://item.gmarket.co.kr/Item?goodscode=2518496341" tabindex="-1" aria-hidden="true"><span class="box__itemcard-img"><img class="image__itemcard no-js-400?ver=1725092688" src="data:image/gif;base64,R0lGODlhAQABAIAAAP///wAAACH5BAEAAAAALAAAAAABAAEAAAICRAEAOw==" alt="오뚜기 토마토케찹500g - 상품 이미지"/><noscript><style>.no-js-400?ver=1725092688 { display: none !important; }</style><img class="image__itemcard" src="https://gdimg.gmarket.co.kr/2518496341/still/400?ver=1725092688" alt="오뚜기 토마토케찹500g - 상품 이미지"/></noscript></span></a><div class="box__itemcard-info"><div class="box__element-info"><div class="element-info-qty"><button aria-describedby="itemCard_title_2518496341" class="sprite__smilefresh--before element-info-qty-minus" aria-disabled="true"><span class="for-a11y">상품 수 <!-- -->1<!-- --> 감소</span></button><span class="element-info-item-qty" aria-describedby="itemCard_title_2518496341"><span class="for-a11y">선택된 수량</span> <!-- -->1</span><button aria-describedby="itemCard_title_2518496341" class="sprite__smilefresh--before element-info-qty-plus"><span class="for-a11y">상품 수 <!-- -->1<!-- --> 증가</span></button></div><button type="button" class="sprite__smilefresh--before element-info-cart" aria-describedby="itemCard_title_2518496341"><span class="for-a11y">장바구니 담기</span></button></div><a href="https://item.gmarket.co.kr/Item?goodscode=2518496341" class="link__itemcard-info"><span class="box__itemcard-title-area" id="itemCard_title_2518496341"><span class="text__brand"><span class="text">오뚜기</span></span><span class="text__title" id="item_title">오뚜기 토마토케찹500g</span></span><span class="box__itemcard-price-area"><span class="box__price-seller"><span class="for-a11y">판매가</span><strong class="text__price-seller">3,180</strong><span class="text__unit">원</span></span><span class="box__prime-cost"><span class="for-a11y">원가</span><span class="text__unit-cost">(<!-- -->100g당 636원<!-- -->)</span></span></span><span class="box__itemcard-info-score"><span class="sprite__smilefresh--before box__score-awards"><span class="for-a11y">평점</span><span class="text text__score">4.8</span><span class="for-a11y">후기</span><span class="text text__num">(3,956)</span><span class="for-a11y">건</span></span><span class="box__score-buycnt"><span class="text text__buy">구매</span><span class="text text__num">12,803</span><span class="for-a11y">건</span></span></span><span class="box__itemcard-benefit-tag"><span class="box__tag box__tag-coupon"><span class="sprite__smilefresh--before box__inner">15% 쿠폰</span></span></span></a><button type="button" class="sprite__smilefresh--after button__favorite-item" aria-describedby="itemCard_title_2518496341" aria-pressed="false" aria-label="관심상품 등록하기"></button></div></div></div></div></li><li class="list-item"><div class="box__itemcard-container"><div class="box__itemcard-body"><div class="box__itemcard-inner"><span class="box__thumbnail__label">6</span><a class="link__itemcard" href="https://item.gmarket.co.kr/Item?goodscode=2518574721" tabindex="-1" aria-hidden="true"><span class="box__itemcard-img"><img class="image__itemcard no-js-400?ver=1725092704" src="data:image/gif;base64,R0lGODlhAQABAIAAAP///wAAACH5BAEAAAAALAAAAAABAAEAAAICRAEAOw==" alt="백설 대두유1.8L - 상품 이미지"/><noscript><style>.no-js-400?ver=1725092704 { display: none !important; }</style><img class="image__itemcard" src="https://gdimg.gmarket.co.kr/2518574721/still/400?ver=1725092704" alt="백설 대두유1.8L - 상품 이미지"/></noscript></span></a><div class="box__itemcard-info"><div class="box__element-info"><div class="element-info-qty"><button aria-describedby="itemCard_title_2518574721" class="sprite__smilefresh--before element-info-qty-minus" aria-disabled="true"><span class="for-a11y">상품 수 <!-- -->1<!-- --> 감소</span></button><span class="element-info-item-qty" aria-describedby="itemCard_title_2518574721"><span class="for-a11y">선택된 수량</span> <!-- -->1</span><button aria-describedby="itemCard_title_2518574721" class="sprite__smilefresh--before element-info-qty-plus"><span class="for-a11y">상품 수 <!-- -->1<!-- --> 증가</span></button></div><button type="button" class="sprite__smilefresh--before element-info-cart" aria-describedby="itemCard_title_2518574721"><span class="for-a11y">장바구니 담기</span></button></div><a href="https://item.gmarket.co.kr/Item?goodscode=2518574721" class="link__itemcard-info"><span class="box__itemcard-title-area" id="itemCard_title_2518574721"><span class="text__brand"><span class="text">백설</span></span><span class="text__title" id="item_title">백설 대두유1.8L</span></span><span class="box__itemcard-price-area"><span class="box__price-seller"><span class="for-a11y">판매가</span><strong class="text__price-seller">6,480</strong><span class="text__unit">원</span></span><span class="box__prime-cost"><span class="for-a11y">원가</span><span class="text__unit-cost">(<!-- -->100mL당 360원<!-- -->)</span></span></span><span class="box__itemcard-info-score"><span class="sprite__smilefresh--before box__score-awards"><span class="for-a11y">평점</span><span class="text text__score">4.8</span><span class="for-a11y">후기</span><span class="text text__num">(2,956)</span><span class="for-a11y">건</span></span><span class="box__score-buycnt"><span class="text text__buy">구매</span><span class="text text__num">10,341</span><span class="for-a11y">건</span></span></span><span class="box__itemcard-benefit-tag"><span class="box__tag box__tag-coupon"><span class="sprite__smilefresh--before box__inner">15% 쿠폰</span></span></span></a><button type="button" class="sprite__smilefresh--after button__favorite-item" aria-describedby="itemCard_title_2518574721" aria-pressed="false" aria-label="관심상품 등록하기"></button></div></div></div></div></li><li class="list-item"><div class="box__itemcard-container"><div class="box__itemcard-body"><div class="box__itemcard-inner"><span class="box__thumbnail__label">7</span><a class="link__itemcard" href="https://item.gmarket.co.kr/Item?goodscode=3391439233" tabindex="-1" aria-hidden="true"><span class="box__itemcard-img"><img class="image__itemcard no-js-400?ver=1725137542" src="data:image/gif;base64,R0lGODlhAQABAIAAAP///wAAACH5BAEAAAAALAAAAAABAAEAAAICRAEAOw==" alt="백설 고소함가득참기름330ml - 상품 이미지"/><noscript><style>.no-js-400?ver=1725137542 { display: none !important; }</style><img class="image__itemcard" src="https://gdimg.gmarket.co.kr/3391439233/still/400?ver=1725137542" alt="백설 고소함가득참기름330ml - 상품 이미지"/></noscript></span></a><div class="box__itemcard-info"><div class="box__element-info"><div class="element-info-qty"><button aria-describedby="itemCard_title_3391439233" class="sprite__smilefresh--before element-info-qty-minus" aria-disabled="true"><span class="for-a11y">상품 수 <!-- -->1<!-- --> 감소</span></button><span class="element-info-item-qty" aria-describedby="itemCard_title_3391439233"><span class="for-a11y">선택된 수량</span> <!-- -->1</span><button aria-describedby="itemCard_title_3391439233" class="sprite__smilefresh--before element-info-qty-plus"><span class="for-a11y">상품 수 <!-- -->1<!-- --> 증가</span></button></div><button type="button" class="sprite__smilefresh--before element-info-cart" aria-describedby="itemCard_title_3391439233"><span class="for-a11y">장바구니 담기</span></button></div><a href="https://item.gmarket.co.kr/Item?goodscode=3391439233" class="link__itemcard-info"><span class="box__itemcard-title-area" id="itemCard_title_3391439233"><span class="text__brand"><span class="text">백설</span></span><span class="text__title" id="item_title">백설 고소함가득참기름330ml</span></span><span class="box__itemcard-price-area"><span class="box__price-seller"><span class="for-a11y">판매가</span><strong class="text__price-seller">5,480</strong><span class="text__unit">원</span></span><span class="box__prime-cost"><span class="for-a11y">원가</span><span class="text__unit-cost">(<!-- -->10mL당 166원<!-- -->)</span></span></span><span class="box__itemcard-info-score"><span class="sprite__smilefresh--before box__score-awards"><span class="for-a11y">평점</span><span class="text text__score">4.7</span><span class="for-a11y">후기</span><span class="text text__num">(925)</span><span class="for-a11y">건</span></span><span class="box__score-buycnt"><span class="text text__buy">구매</span><span class="text text__num">2,754</span><span class="for-a11y">건</span></span></span><span class="box__itemcard-benefit-tag"><span class="box__tag box__tag-coupon"><span class="sprite__smilefresh--before box__inner">15% 쿠폰</span></span></span></a><button type="button" class="sprite__smilefresh--after button__favorite-item" aria-describedby="itemCard_title_3391439233" aria-pressed="false" aria-label="관심상품 등록하기"></button></div></div></div></div></li><li class="list-item"><div class="box__itemcard-container"><div class="box__itemcard-body"><div class="box__itemcard-inner"><span class="box__thumbnail__label">8</span><a class="link__itemcard" href="https://item.gmarket.co.kr/Item?goodscode=2518358854" tabindex="-1" aria-hidden="true"><span class="box__itemcard-img"><img class="image__itemcard no-js-400?ver=1725088541" src="data:image/gif;base64,R0lGODlhAQABAIAAAP///wAAACH5BAEAAAAALAAAAAABAAEAAAICRAEAOw==" alt="해표 식용유900ml - 상품 이미지"/><noscript><style>.no-js-400?ver=1725088541 { display: none !important; }</style><img class="image__itemcard" src="https://gdimg.gmarket.co.kr/2518358854/still/400?ver=1725088541" alt="해표 식용유900ml - 상품 이미지"/></noscript></span></a><div class="box__itemcard-info"><div class="box__element-info"><div class="element-info-qty"><button aria-describedby="itemCard_title_2518358854" class="sprite__smilefresh--before element-info-qty-minus" aria-disabled="true"><span class="for-a11y">상품 수 <!-- -->1<!-- --> 감소</span></button><span class="element-info-item-qty" aria-describedby="itemCard_title_2518358854"><span class="for-a11y">선택된 수량</span> <!-- -->1</span><button aria-describedby="itemCard_title_2518358854" class="sprite__smilefresh--before element-info-qty-plus"><span class="for-a11y">상품 수 <!-- -->1<!-- --> 증가</span></button></div><button type="button" class="sprite__smilefresh--before element-info-cart" aria-describedby="itemCard_title_2518358854"><span class="for-a11y">장바구니 담기</span></button></div><a href="https://item.gmarket.co.kr/Item?goodscode=2518358854" class="link__itemcard-info"><span class="box__itemcard-title-area" id="itemCard_title_2518358854"><span class="text__brand"><span class="text">사조해표</span></span><span class="text__title" id="item_title">해표 식용유900ml</span></span><span class="box__itemcard-price-area"><span class="box__price-seller"><span class="for-a11y">판매가</span><strong class="text__price-seller">3,980</strong><span class="text__unit">원</span></span><span class="box__prime-cost"><span class="for-a11y">원가</span><span class="text__unit-cost">(<!-- -->100mL당 442원<!-- -->)</span></span></span><span class="box__itemcard-info-score"><span class="sprite__smilefresh--before box__score-awards"><span class="for-a11y">평점</span><span class="text text__score">4.8</span><span class="for-a11y">후기</span><span class="text text__num">(1,882)</span><span class="for-a11y">건</span></span><span class="box__score-buycnt"><span class="text text__buy">구매</span><span class="text text__num">6,047</span><span class="for-a11y">건</span></span></span><span class="box__itemcard-benefit-tag"><span class="box__tag box__tag-coupon"><span class="sprite__smilefresh--before box__inner">15% 쿠폰</span></span></span></a><button type="button" class="sprite__smilefresh--after button__favorite-item" aria-describedby="itemCard_title_2518358854" aria-pressed="false" aria-label="관심상품 등록하기"></button></div></div></div></div></li><li class="list-item"><div class="box__itemcard-container"><div class="box__itemcard-body"><div class="box__itemcard-inner"><span class="box__thumbnail__label">9</span><a class="link__itemcard" href="https://item.gmarket.co.kr/Item?goodscode=2522278051" tabindex="-1" aria-hidden="true"><span class="box__itemcard-img"><img class="image__itemcard no-js-400?ver=1725101014" src="data:image/gif;base64,R0lGODlhAQABAIAAAP///wAAACH5BAEAAAAALAAAAAABAAEAAAICRAEAOw==" alt="올리비탈 올리브오일 1L(퓨어) - 상품 이미지"/><noscript><style>.no-js-400?ver=1725101014 { display: none !important; }</style><img class="image__itemcard" src="https://gdimg.gmarket.co.kr/2522278051/still/400?ver=1725101014" alt="올리비탈 올리브오일 1L(퓨어) - 상품 이미지"/></noscript></span></a><div class="box__itemcard-info"><div class="box__element-info"><div class="element-info-qty"><button aria-describedby="itemCard_title_2522278051" class="sprite__smilefresh--before element-info-qty-minus" aria-disabled="true"><span class="for-a11y">상품 수 <!-- -->1<!-- --> 감소</span></button><span class="element-info-item-qty" aria-describedby="itemCard_title_2522278051"><span class="for-a11y">선택된 수량</span> <!-- -->1</span><button aria-describedby="itemCard_title_2522278051" class="sprite__smilefresh--before element-info-qty-plus"><span class="for-a11y">상품 수 <!-- -->1<!-- --> 증가</span></button></div><button type="button" class="sprite__smilefresh--before element-info-cart" aria-describedby="itemCard_title_2522278051"><span class="for-a11y">장바구니 담기</span></button></div><a href="https://item.gmarket.co.kr/Item?goodscode=2522278051" class="link__itemcard-info"><span class="box__itemcard-title-area" id="itemCard_title_2522278051"><span class="text__brand"><span class="text">올리비탈</span></span><span class="text__title" id="item_title">올리비탈 올리브오일 1L(퓨어)</span></span><span class="box__itemcard-price-area"><span class="box__price-seller"><span class="for-a11y">판매가</span><strong class="text__price-seller">26,500</strong><span class="text__unit">원</span></span><span class="box__prime-cost"><span class="for-a11y">원가</span><span class="text__unit-cost">(<!-- -->100mL당 2,650원<!-- -->)</span></span></span><span class="box__itemcard-info-score"><span class="sprite__smilefresh--before box__score-awards"><span class="for-a11y">평점</span><span class="text text__score">4.7</span><span class="for-a11y">후기</span><span class="text text__num">(192)</span><span class="for-a11y">건</span></span><span class="box__score-buycnt"><span class="text text__buy">구매</span><span class="text text__num">480</span><span class="for-a11y">건</span></span></span><span class="box__itemcard-benefit-tag"><span class="box__tag box__tag-coupon"><span class="sprite__smilefresh--before box__inner">15% 쿠폰</span></span></span></a><button type="button" class="sprite__smilefresh--after button__favorite-item" aria-describedby="itemCard_title_2522278051" aria-pressed="false" aria-label="관심상품 등록하기"></button></div></div></div></div></li><li class="list-item"><div class="box__itemcard-container"><div class="box__itemcard-body"><div class="box__itemcard-inner"><span class="box__thumbnail__label">10</span><a class="link__itemcard" href="https://item.gmarket.co.kr/Item?goodscode=2523614161" tabindex="-1" aria-hidden="true"><span class="box__itemcard-img"><img class="image__itemcard no-js-400?ver=1725102072" src="data:image/gif;base64,R0lGODlhAQABAIAAAP///wAAACH5BAEAAAAALAAAAAABAAEAAAICRAEAOw==" alt="노브랜드 정성깃든고추장 1kg - 상품 이미지"/><noscript><style>.no-js-400?ver=1725102072 { display: none !important; }</style><img class="image__itemcard" src="https://gdimg.gmarket.co.kr/2523614161/still/400?ver=1725102072" alt="노브랜드 정성깃든고추장 1kg - 상품 이미지"/></noscript></span></a><div class="box__itemcard-info"><div class="box__element-info"><div class="element-info-qty"><button aria-describedby="itemCard_title_2523614161" class="sprite__smilefresh--before element-info-qty-minus" aria-disabled="true"><span class="for-a11y">상품 수 <!-- -->1<!-- --> 감소</span></button><span class="element-info-item-qty" aria-describedby="itemCard_title_2523614161"><span class="for-a11y">선택된 수량</span> <!-- -->1</span><button aria-describedby="itemCard_title_2523614161" class="sprite__smilefresh--before element-info-qty-plus"><span class="for-a11y">상품 수 <!-- -->1<!-- --> 증가</span></button></div><button type="button" class="sprite__smilefresh--before element-info-cart" aria-describedby="itemCard_title_2523614161"><span class="for-a11y">장바구니 담기</span></button></div><a href="https://item.gmarket.co.kr/Item?goodscode=2523614161" class="link__itemcard-info"><span class="box__itemcard-title-area" id="itemCard_title_2523614161"><span class="text__brand"><span class="text">노브랜드</span></span><span class="text__title" id="item_title">노브랜드 정성깃든고추장 1kg</span></span><span class="box__itemcard-price-area"><span class="box__price-seller"><span class="for-a11y">판매가</span><strong class="text__price-seller">3,980</strong><span class="text__unit">원</span></span><span class="box__prime-cost"><span class="for-a11y">원가</span><span class="text__unit-cost">(<!-- -->100g당 398원<!-- -->)</span></span></span><span class="box__itemcard-info-score"><span class="sprite__smilefresh--before box__score-awards"><span class="for-a11y">평점</span><span class="text text__score">4.8</span><span class="for-a11y">후기</span><span class="text text__num">(5,359)</span><span class="for-a11y">건</span></span><span class="box__score-buycnt"><span class="text text__buy">구매</span><span class="text text__num">12,903</span><span class="for-a11y">건</span></span></span></a><button type="button" class="sprite__smilefresh--after button__favorite-item" aria-describedby="itemCard_title_2523614161" aria-pressed="false" aria-label="관심상품 등록하기"></button></div></div></div></div></li><li class="list-item"><div class="box__itemcard-container"><div class="box__itemcard-body"><div class="box__itemcard-inner"><span class="box__thumbnail__label">11</span><a class="link__itemcard" href="https://item.gmarket.co.kr/Item?goodscode=2523610809" tabindex="-1" aria-hidden="true"><span class="box__itemcard-img"><img class="image__itemcard no-js-400?ver=1725102552" src="data:image/gif;base64,R0lGODlhAQABAIAAAP///wAAACH5BAEAAAAALAAAAAABAAEAAAICRAEAOw==" alt="노브랜드 정성깃든쌈장 500g - 상품 이미지"/><noscript><style>.no-js-400?ver=1725102552 { display: none !important; }</style><img class="image__itemcard" src="https://gdimg.gmarket.co.kr/2523610809/still/400?ver=1725102552" alt="노브랜드 정성깃든쌈장 500g - 상품 이미지"/></noscript></span></a><div class="box__itemcard-info"><div class="box__element-info"><div class="element-info-qty"><button aria-describedby="itemCard_title_2523610809" class="sprite__smilefresh--before element-info-qty-minus" aria-disabled="true"><span class="for-a11y">상품 수 <!-- -->1<!-- --> 감소</span></button><span class="element-info-item-qty" aria-describedby="itemCard_title_2523610809"><span class="for-a11y">선택된 수량</span> <!-- -->1</span><button aria-describedby="itemCard_title_2523610809" class="sprite__smilefresh--before element-info-qty-plus"><span class="for-a11y">상품 수 <!-- -->1<!-- --> 증가</span></button></div><button type="button" class="sprite__smilefresh--before element-info-cart" aria-describedby="itemCard_title_2523610809"><span class="for-a11y">장바구니 담기</span></button></div><a href="https://item.gmarket.co.kr/Item?goodscode=2523610809" class="link__itemcard-info"><span class="box__itemcard-title-area" id="itemCard_title_2523610809"><span class="text__brand"><span class="text">노브랜드</span></span><span class="text__title" id="item_title">노브랜드 정성깃든쌈장 500g</span></span><span class="box__itemcard-price-area"><span class="box__price-seller"><span class="for-a11y">판매가</span><strong class="text__price-seller">1,980</strong><span class="text__unit">원</span></span><span class="box__prime-cost"><span class="for-a11y">원가</span><span class="text__unit-cost">(<!-- -->100g당 396원<!-- -->)</span></span></span><span class="box__itemcard-info-score"><span class="sprite__smilefresh--before box__score-awards"><span class="for-a11y">평점</span><span class="text text__score">4.8</span><span class="for-a11y">후기</span><span class="text text__num">(8,194)</span><span class="for-a11y">건</span></span><span class="box__score-buycnt"><span class="text text__buy">구매</span><span class="text text__num">20,369</span><span class="for-a11y">건</span></span></span></a><button type="button" class="sprite__smilefresh--after button__favorite-item" aria-describedby="itemCard_title_2523610809" aria-pressed="false" aria-label="관심상품 등록하기"></button></div></div></div></div></li><li class="list-item"><div class="box__itemcard-container"><div class="box__itemcard-body"><div class="box__itemcard-inner"><span class="box__thumbnail__label">12</span><a class="link__itemcard" href="https://item.gmarket.co.kr/Item?goodscode=2523423393" tabindex="-1" aria-hidden="true"><span class="box__itemcard-img"><img class="image__itemcard no-js-400?ver=1725100385" src="data:image/gif;base64,R0lGODlhAQABAIAAAP///wAAACH5BAEAAAAALAAAAAABAAEAAAICRAEAOw==" alt="노브랜드 홈스타일 크림 스파게티 소스 400g - 상품 이미지"/><noscript><style>.no-js-400?ver=1725100385 { display: none !important; }</style><img class="image__itemcard" src="https://gdimg.gmarket.co.kr/2523423393/still/400?ver=1725100385" alt="노브랜드 홈스타일 크림 스파게티 소스 400g - 상품 이미지"/></noscript></span></a><div class="box__itemcard-info"><div class="box__element-info"><div class="element-info-qty"><button aria-describedby="itemCard_title_2523423393" class="sprite__smilefresh--before element-info-qty-minus" aria-disabled="true"><span class="for-a11y">상품 수 <!-- -->1<!-- --> 감소</span></button><span class="element-info-item-qty" aria-describedby="itemCard_title_2523423393"><span class="for-a11y">선택된 수량</span> <!-- -->1</span><button aria-describedby="itemCard_title_2523423393" class="sprite__smilefresh--before element-info-qty-plus"><span class="for-a11y">상품 수 <!-- -->1<!-- --> 증가</span></button></div><button type="button" class="sprite__smilefresh--before element-info-cart" aria-describedby="itemCard_title_2523423393"><span class="for-a11y">장바구니 담기</span></button></div><a href="https://item.gmarket.co.kr/Item?goodscode=2523423393" class="link__itemcard-info"><span class="box__itemcard-title-area" id="itemCard_title_2523423393"><span class="text__brand"><span class="text">노브랜드</span></span><span class="text__title" id="item_title">노브랜드 홈스타일 크림 스파게티 소스 400g</span></span><span class="box__itemcard-price-area"><span class="box__price-seller"><span class="for-a11y">판매가</span><strong class="text__price-seller">2,280</strong><span class="text__unit">원</span></span><span class="box__prime-cost"><span class="for-a11y">원가</span><span class="text__unit-cost">(<!-- -->100g당 570원<!-- -->)</span></span></span><span class="box__itemcard-info-score"><span class="sprite__smilefresh--before box__score-awards"><span class="for-a11y">평점</span><span class="text text__score">4.8</span><span class="for-a11y">후기</span><span class="text text__num">(4,643)</span><span class="for-a11y">건</span></span><span class="box__score-buycnt"><span class="text text__buy">구매</span><span class="text text__num">17,442</span><span class="for-a11y">건</span></span></span></a><button type="button" class="sprite__smilefresh--after button__favorite-item" aria-describedby="itemCard_title_2523423393" aria-pressed="false" aria-label="관심상품 등록하기"></button></div></div></div></div></li><li class="list-item"><div class="box__itemcard-container"><div class="box__itemcard-body"><div class="box__itemcard-inner"><span class="box__thumbnail__label">13</span><a class="link__itemcard" href="https://item.gmarket.co.kr/Item?goodscode=2782031920" tabindex="-1" aria-hidden="true"><span class="box__itemcard-img"><img class="image__itemcard no-js-400?ver=1725091371" src="data:image/gif;base64,R0lGODlhAQABAIAAAP///wAAACH5BAEAAAAALAAAAAABAAEAAAICRAEAOw==" alt="모니니 클라시코 엑스트라버진 올리브유1L - 상품 이미지"/><noscript><style>.no-js-400?ver=1725091371 { display: none !important; }</style><img class="image__itemcard" src="https://gdimg.gmarket.co.kr/2782031920/still/400?ver=1725091371" alt="모니니 클라시코 엑스트라버진 올리브유1L - 상품 이미지"/></noscript></span></a><div class="box__itemcard-info"><div class="box__element-info"><div class="element-info-qty"><button aria-describedby="itemCard_title_2782031920" class="sprite__smilefresh--before element-info-qty-minus" aria-disabled="true"><span class="for-a11y">상품 수 <!-- -->1<!-- --> 감소</span></button><span class="element-info-item-qty" aria-describedby="itemCard_title_2782031920"><span class="for-a11y">선택된 수량</span> <!-- -->1</span><button aria-describedby="itemCard_title_2782031920" class="sprite__smilefresh--before element-info-qty-plus"><span class="for-a11y">상품 수 <!-- -->1<!-- --> 증가</span></button></div><button type="button" class="sprite__smilefresh--before element-info-cart" aria-describedby="itemCard_title_2782031920"><span class="for-a11y">장바구니 담기</span></button></div><a href="https://item.gmarket.co.kr/Item?goodscode=2782031920" class="link__itemcard-info"><span class="box__itemcard-title-area" id="itemCard_title_2782031920"><span class="text__brand"><span class="text">모니니</span></span><span class="text__title" id="item_title">모니니 클라시코 엑스트라버진 올리브유1L</span></span><span class="box__itemcard-price-area"><span class="box__price-seller"><span class="for-a11y">판매가</span><strong class="text__price-seller">32,980</strong><span class="text__unit">원</span></span><span class="box__prime-cost"><span class="for-a11y">원가</span><span class="text__unit-cost">(<!-- -->100mL당 3,298원<!-- -->)</span></span></span><span class="box__itemcard-info-score"><span class="sprite__smilefresh--before box__score-awards"><span class="for-a11y">평점</span><span class="text text__score">4.8</span><span class="for-a11y">후기</span><span class="text text__num">(330)</span><span class="for-a11y">건</span></span><span class="box__score-buycnt"><span class="text text__buy">구매</span><span class="text text__num">900</span><span class="for-a11y">건</span></span></span><span class="box__itemcard-benefit-tag"><span class="box__tag box__tag-coupon"><span class="sprite__smilefresh--before box__inner">15% 쿠폰</span></span></span></a><button type="button" class="sprite__smilefresh--after button__favorite-item" aria-describedby="itemCard_title_2782031920" aria-pressed="false" aria-label="관심상품 등록하기"></button></div></div></div></div></li><li class="list-item"><div class="box__itemcard-container"><div class="box__itemcard-body"><div class="box__itemcard-inner"><span class="box__thumbnail__label">14</span><a class="link__itemcard" href="https://item.gmarket.co.kr/Item?goodscode=2518496817" tabindex="-1" aria-hidden="true"><span class="box__itemcard-img"><img class="image__itemcard no-js-400?ver=1725092706" src="data:image/gif;base64,R0lGODlhAQABAIAAAP///wAAACH5BAEAAAAALAAAAAABAAEAAAICRAEAOw==" alt="백설  하얀설탕 (1kg) - 상품 이미지"/><noscript><style>.no-js-400?ver=1725092706 { display: none !important; }</style><img class="image__itemcard" src="https://gdimg.gmarket.co.kr/2518496817/still/400?ver=1725092706" alt="백설  하얀설탕 (1kg) - 상품 이미지"/></noscript></span></a><div class="box__itemcard-info"><div class="box__element-info"><div class="element-info-qty"><button aria-describedby="itemCard_title_2518496817" class="sprite__smilefresh--before element-info-qty-minus" aria-disabled="true"><span class="for-a11y">상품 수 <!-- -->1<!-- --> 감소</span></button><span class="element-info-item-qty" aria-describedby="itemCard_title_2518496817"><span class="for-a11y">선택된 수량</span> <!-- -->1</span><button aria-describedby="itemCard_title_2518496817" class="sprite__smilefresh--before element-info-qty-plus"><span class="for-a11y">상품 수 <!-- -->1<!-- --> 증가</span></button></div><button type="button" class="sprite__smilefresh--before element-info-cart" aria-describedby="itemCard_title_2518496817"><span class="for-a11y">장바구니 담기</span></button></div><a href="https://item.gmarket.co.kr/Item?goodscode=2518496817" class="link__itemcard-info"><span class="box__itemcard-title-area" id="itemCard_title_2518496817"><span class="text__brand"><span class="text">백설</span></span><span class="text__title" id="item_title">백설  하얀설탕 (1kg)</span></span><span class="box__itemcard-price-area"><span class="box__price-seller"><span class="for-a11y">판매가</span><strong class="text__price-seller">2,330</strong><span class="text__unit">원</span></span><span class="box__prime-cost"><span class="for-a11y">원가</span><span class="text__unit-cost">(<!-- -->100g당 233원<!-- -->)</span></span></span><span class="box__itemcard-info-score"><span class="sprite__smilefresh--before box__score-awards"><span class="for-a11y">평점</span><span class="text text__score">4.8</span><span class="for-a11y">후기</span><span class="text text__num">(3,546)</span><span class="for-a11y">건</span></span><span class="box__score-buycnt"><span class="text text__buy">구매</span><span class="text text__num">12,954</span><span class="for-a11y">건</span></span></span><span class="box__itemcard-benefit-tag"><span class="box__tag box__tag-coupon"><span class="sprite__smilefresh--before box__inner">15% 쿠폰</span></span></span></a><button type="button" class="sprite__smilefresh--after button__favorite-item" aria-describedby="itemCard_title_2518496817" aria-pressed="false" aria-label="관심상품 등록하기"></button></div></div></div></div></li><li class="list-item"><div class="box__itemcard-container"><div class="box__itemcard-body"><div class="box__itemcard-inner"><span class="box__thumbnail__label">15</span><a class="link__itemcard" href="https://item.gmarket.co.kr/Item?goodscode=3951321519" tabindex="-1" aria-hidden="true"><span class="box__itemcard-img"><img class="image__itemcard no-js-400?ver=1725092694" src="data:image/gif;base64,R0lGODlhAQABAIAAAP///wAAACH5BAEAAAAALAAAAAABAAEAAAICRAEAOw==" alt="오뚜기 부침가루 1kg - 상품 이미지"/><noscript><style>.no-js-400?ver=1725092694 { display: none !important; }</style><img class="image__itemcard" src="https://gdimg.gmarket.co.kr/3951321519/still/400?ver=1725092694" alt="오뚜기 부침가루 1kg - 상품 이미지"/></noscript></span></a><div class="box__itemcard-info"><div class="box__element-info"><div class="element-info-qty"><button aria-describedby="itemCard_title_3951321519" class="sprite__smilefresh--before element-info-qty-minus" aria-disabled="true"><span class="for-a11y">상품 수 <!-- -->1<!-- --> 감소</span></button><span class="element-info-item-qty" aria-describedby="itemCard_title_3951321519"><span class="for-a11y">선택된 수량</span> <!-- -->1</span><button aria-describedby="itemCard_title_3951321519" class="sprite__smilefresh--before element-info-qty-plus"><span class="for-a11y">상품 수 <!-- -->1<!-- --> 증가</span></button></div><button type="button" class="sprite__smilefresh--before element-info-cart" aria-describedby="itemCard_title_3951321519"><span class="for-a11y">장바구니 담기</span></button></div><a href="https://item.gmarket.co.kr/Item?goodscode=3951321519" class="link__itemcard-info"><span class="box__itemcard-title-area" id="itemCard_title_3951321519"><span class="text__brand"><span class="text">오뚜기</span></span><span class="text__title" id="item_title">오뚜기 부침가루 1kg</span></span><span class="box__itemcard-price-area"><span class="box__price-seller"><span class="for-a11y">판매가</span><strong class="text__price-seller">2,980</strong><span class="text__unit">원</span></span><span class="box__prime-cost"><span class="for-a11y">원가</span><span class="text__unit-cost">(<!-- -->100g당 298원<!-- -->)</span></span></span><span class="box__itemcard-info-score"><span class="sprite__smilefresh--before box__score-awards"><span class="for-a11y">평점</span><span class="text text__score">4.8</span><span class="for-a11y">후기</span><span class="text text__num">(112)</span><span class="for-a11y">건</span></span><span class="box__score-buycnt"><span class="text text__buy">구매</span><span class="text text__num">382</span><span class="for-a11y">건</span></span></span><span class="box__itemcard-benefit-tag"><span class="box__tag box__tag-coupon"><span class="sprite__smilefresh--before box__inner">15% 쿠폰</span></span></span></a><button type="button" class="sprite__smilefresh--after button__favorite-item" aria-describedby="itemCard_title_3951321519" aria-pressed="false" aria-label="관심상품 등록하기"></button></div></div></div></div></li><li class="list-item"><div class="box__itemcard-container"><div class="box__itemcard-body"><div class="box__itemcard-inner"><span class="box__thumbnail__label">16</span><a class="link__itemcard" href="https://item.gmarket.co.kr/Item?goodscode=2518481131" tabindex="-1" aria-hidden="true"><span class="box__itemcard-img"><img class="image__itemcard no-js-400?ver=1725092675" src="data:image/gif;base64,R0lGODlhAQABAIAAAP///wAAACH5BAEAAAAALAAAAAABAAEAAAICRAEAOw==" alt="오뚜기 양조식초 1.8L - 상품 이미지"/><noscript><style>.no-js-400?ver=1725092675 { display: none !important; }</style><img class="image__itemcard" src="https://gdimg.gmarket.co.kr/2518481131/still/400?ver=1725092675" alt="오뚜기 양조식초 1.8L - 상품 이미지"/></noscript></span></a><div class="box__itemcard-info"><div class="box__element-info"><div class="element-info-qty"><button aria-describedby="itemCard_title_2518481131" class="sprite__smilefresh--before element-info-qty-minus" aria-disabled="true"><span class="for-a11y">상품 수 <!-- -->1<!-- --> 감소</span></button><span class="element-info-item-qty" aria-describedby="itemCard_title_2518481131"><span class="for-a11y">선택된 수량</span> <!-- -->1</span><button aria-describedby="itemCard_title_2518481131" class="sprite__smilefresh--before element-info-qty-plus"><span class="for-a11y">상품 수 <!-- -->1<!-- --> 증가</span></button></div><button type="button" class="sprite__smilefresh--before element-info-cart" aria-describedby="itemCard_title_2518481131"><span class="for-a11y">장바구니 담기</span></button></div><a href="https://item.gmarket.co.kr/Item?goodscode=2518481131" class="link__itemcard-info"><span class="box__itemcard-title-area" id="itemCard_title_2518481131"><span class="text__brand"><span class="text">오뚜기</span></span><span class="text__title" id="item_title">오뚜기 양조식초 1.8L</span></span><span class="box__itemcard-price-area"><span class="box__price-seller"><span class="for-a11y">판매가</span><strong class="text__price-seller">2,600</strong><span class="text__unit">원</span></span><span class="box__prime-cost"><span class="for-a11y">원가</span><span class="text__unit-cost">(<!-- -->10mL당 14원<!-- -->)</span></span></span><span class="box__itemcard-info-score"><span class="sprite__smilefresh--before box__score-awards"><span class="for-a11y">평점</span><span class="text text__score">4.8</span><span class="for-a11y">후기</span><span class="text text__num">(5,075)</span><span class="for-a11y">건</span></span><span class="box__score-buycnt"><span class="text text__buy">구매</span><span class="text text__num">17,807</span><span class="for-a11y">건</span></span></span><span class="box__itemcard-benefit-tag"><span class="box__tag box__tag-coupon"><span class="sprite__smilefresh--before box__inner">15% 쿠폰</span></span></span></a><button type="button" class="sprite__smilefresh--after button__favorite-item" aria-describedby="itemCard_title_2518481131" aria-pressed="false" aria-label="관심상품 등록하기"></button></div></div></div></div></li><li class="list-item"><div class="box__itemcard-container"><div class="box__itemcard-body"><div class="box__itemcard-inner"><span class="box__thumbnail__label">17</span><a class="link__itemcard" href="https://item.gmarket.co.kr/Item?goodscode=2518482826" tabindex="-1" aria-hidden="true"><span class="box__itemcard-img"><img class="image__itemcard no-js-400?ver=1725088528" src="data:image/gif;base64,R0lGODlhAQABAIAAAP///wAAACH5BAEAAAAALAAAAAABAAEAAAICRAEAOw==" alt="CJ 다시다 쇠고기 골드 1kg - 상품 이미지"/><noscript><style>.no-js-400?ver=1725088528 { display: none !important; }</style><img class="image__itemcard" src="https://gdimg.gmarket.co.kr/2518482826/still/400?ver=1725088528" alt="CJ 다시다 쇠고기 골드 1kg - 상품 이미지"/></noscript></span></a><div class="box__itemcard-info"><div class="box__element-info"><div class="element-info-qty"><button aria-describedby="itemCard_title_2518482826" class="sprite__smilefresh--before element-info-qty-minus" aria-disabled="true"><span class="for-a11y">상품 수 <!-- -->1<!-- --> 감소</span></button><span class="element-info-item-qty" aria-describedby="itemCard_title_2518482826"><span class="for-a11y">선택된 수량</span> <!-- -->1</span><button aria-describedby="itemCard_title_2518482826" class="sprite__smilefresh--before element-info-qty-plus"><span class="for-a11y">상품 수 <!-- -->1<!-- --> 증가</span></button></div><button type="button" class="sprite__smilefresh--before element-info-cart" aria-describedby="itemCard_title_2518482826"><span class="for-a11y">장바구니 담기</span></button></div><a href="https://item.gmarket.co.kr/Item?goodscode=2518482826" class="link__itemcard-info"><span class="box__itemcard-title-area" id="itemCard_title_2518482826"><span class="text__brand"><span class="text">다시다</span></span><span class="text__title" id="item_title">CJ 다시다 쇠고기 골드 1kg</span></span><span class="box__itemcard-price-area"><span class="box__price-seller"><span class="for-a11y">판매가</span><strong class="text__price-seller">20,500</strong><span class="text__unit">원</span></span></span><span class="box__itemcard-info-score"><span class="sprite__smilefresh--before box__score-awards"><span class="for-a11y">평점</span><span class="text text__score">4.8</span><span class="for-a11y">후기</span><span class="text text__num">(863)</span><span class="for-a11y">건</span></span><span class="box__score-buycnt"><span class="text text__buy">구매</span><span class="text text__num">2,193</span><span class="for-a11y">건</span></span></span><span class="box__itemcard-benefit-tag"><span class="box__tag box__tag-coupon"><span class="sprite__smilefresh--before box__inner">15% 쿠폰</span></span></span></a><button type="button" class="sprite__smilefresh--after button__favorite-item" aria-describedby="itemCard_title_2518482826" aria-pressed="false" aria-label="관심상품 등록하기"></button></div></div></div></div></li><li class="list-item"><div class="box__itemcard-container"><div class="box__itemcard-body"><div class="box__itemcard-inner"><span class="box__thumbnail__label">18</span><a class="link__itemcard" href="https://item.gmarket.co.kr/Item?goodscode=2523423133" tabindex="-1" aria-hidden="true"><span class="box__itemcard-img"><img class="image__itemcard no-js-400?ver=1725100126" src="data:image/gif;base64,R0lGODlhAQABAIAAAP///wAAACH5BAEAAAAALAAAAAABAAEAAAICRAEAOw==" alt="노브랜드 홈스타일 토마토 스파게티 소스 400g - 상품 이미지"/><noscript><style>.no-js-400?ver=1725100126 { display: none !important; }</style><img class="image__itemcard" src="https://gdimg.gmarket.co.kr/2523423133/still/400?ver=1725100126" alt="노브랜드 홈스타일 토마토 스파게티 소스 400g - 상품 이미지"/></noscript></span></a><div class="box__itemcard-info"><div class="box__element-info"><div class="element-info-qty"><button aria-describedby="itemCard_title_2523423133" class="sprite__smilefresh--before element-info-qty-minus" aria-disabled="true"><span class="for-a11y">상품 수 <!-- -->1<!-- --> 감소</span></button><span class="element-info-item-qty" aria-describedby="itemCard_title_2523423133"><span class="for-a11y">선택된 수량</span> <!-- -->1</span><button aria-describedby="itemCard_title_2523423133" class="sprite__smilefresh--before element-info-qty-plus"><span class="for-a11y">상품 수 <!-- -->1<!-- --> 증가</span></button></div><button type="button" class="sprite__smilefresh--before element-info-cart" aria-describedby="itemCard_title_2523423133"><span class="for-a11y">장바구니 담기</span></button></div><a href="https://item.gmarket.co.kr/Item?goodscode=2523423133" class="link__itemcard-info"><span class="box__itemcard-title-area" id="itemCard_title_2523423133"><span class="text__brand"><span class="text">노브랜드</span></span><span class="text__title" id="item_title">노브랜드 홈스타일 토마토 스파게티 소스 400g</span></span><span class="box__itemcard-price-area"><span class="box__price-seller"><span class="for-a11y">판매가</span><strong class="text__price-seller">2,180</strong><span class="text__unit">원</span></span><span class="box__prime-cost"><span class="for-a11y">원가</span><span class="text__unit-cost">(<!-- -->100g당 545원<!-- -->)</span></span></span><span class="box__itemcard-info-score"><span class="sprite__smilefresh--before box__score-awards"><span class="for-a11y">평점</span><span class="text text__score">4.8</span><span class="for-a11y">후기</span><span class="text text__num">(4,364)</span><span class="for-a11y">건</span></span><span class="box__score-buycnt"><span class="text text__buy">구매</span><span class="text text__num">16,009</span><span class="for-a11y">건</span></span></span></a><button type="button" class="sprite__smilefresh--after button__favorite-item" aria-describedby="itemCard_title_2523423133" aria-pressed="false" aria-label="관심상품 등록하기"></button></div></div></div></div></li><li class="list-item"><div class="box__itemcard-container"><div class="box__itemcard-body"><div class="box__itemcard-inner"><span class="box__thumbnail__label">19</span><a class="link__itemcard" href="https://item.gmarket.co.kr/Item?goodscode=2522760830" tabindex="-1" aria-hidden="true"><span class="box__itemcard-img"><img class="image__itemcard no-js-400?ver=1725105280" src="data:image/gif;base64,R0lGODlhAQABAIAAAP///wAAACH5BAEAAAAALAAAAAABAAEAAAICRAEAOw==" alt="풀무원 순생나또 12입 594g - 상품 이미지"/><noscript><style>.no-js-400?ver=1725105280 { display: none !important; }</style><img class="image__itemcard" src="https://gdimg.gmarket.co.kr/2522760830/still/400?ver=1725105280" alt="풀무원 순생나또 12입 594g - 상품 이미지"/></noscript></span></a><div class="box__itemcard-info"><div class="box__element-info"><div class="element-info-qty"><button aria-describedby="itemCard_title_2522760830" class="sprite__smilefresh--before element-info-qty-minus" aria-disabled="true"><span class="for-a11y">상품 수 <!-- -->1<!-- --> 감소</span></button><span class="element-info-item-qty" aria-describedby="itemCard_title_2522760830"><span class="for-a11y">선택된 수량</span> <!-- -->1</span><button aria-describedby="itemCard_title_2522760830" class="sprite__smilefresh--before element-info-qty-plus"><span class="for-a11y">상품 수 <!-- -->1<!-- --> 증가</span></button></div><button type="button" class="sprite__smilefresh--before element-info-cart" aria-describedby="itemCard_title_2522760830"><span class="for-a11y">장바구니 담기</span></button></div><a href="https://item.gmarket.co.kr/Item?goodscode=2522760830" class="link__itemcard-info"><span class="box__itemcard-title-area" id="itemCard_title_2522760830"><span class="text__brand"><span class="text">풀무원</span></span><span class="text__title" id="item_title">풀무원 순생나또 12입 594g</span></span><span class="box__itemcard-price-area"><span class="box__price-seller"><span class="for-a11y">판매가</span><strong class="text__price-seller">10,980</strong><span class="text__unit">원</span></span><span class="box__prime-cost"><span class="for-a11y">원가</span><span class="text__unit-cost">(<!-- -->100g당 1,848원<!-- -->)</span></span></span><span class="box__itemcard-info-score"><span class="sprite__smilefresh--before box__score-awards"><span class="for-a11y">평점</span><span class="text text__score">4.7</span><span class="for-a11y">후기</span><span class="text text__num">(2,384)</span><span class="for-a11y">건</span></span><span class="box__score-buycnt"><span class="text text__buy">구매</span><span class="text text__num">5,919</span><span class="for-a11y">건</span></span></span><span class="box__itemcard-benefit-tag"><span class="box__tag box__tag-coupon"><span class="sprite__smilefresh--before box__inner">15% 쿠폰</span></span></span></a><button type="button" class="sprite__smilefresh--after button__favorite-item" aria-describedby="itemCard_title_2522760830" aria-pressed="false" aria-label="관심상품 등록하기"></button></div></div></div></div></li><li class="list-item"><div class="box__itemcard-container"><div class="box__itemcard-body"><div class="box__itemcard-inner"><span class="box__thumbnail__label">20</span><a class="link__itemcard" href="https://item.gmarket.co.kr/Item?goodscode=2518490168" tabindex="-1" aria-hidden="true"><span class="box__itemcard-img"><img class="image__itemcard no-js-400?ver=1725088227" src="data:image/gif;base64,R0lGODlhAQABAIAAAP///wAAACH5BAEAAAAALAAAAAABAAEAAAICRAEAOw==" alt="해표 포도씨오일900ml - 상품 이미지"/><noscript><style>.no-js-400?ver=1725088227 { display: none !important; }</style><img class="image__itemcard" src="https://gdimg.gmarket.co.kr/2518490168/still/400?ver=1725088227" alt="해표 포도씨오일900ml - 상품 이미지"/></noscript></span></a><div class="box__itemcard-info"><div class="box__element-info"><div class="element-info-qty"><button aria-describedby="itemCard_title_2518490168" class="sprite__smilefresh--before element-info-qty-minus" aria-disabled="true"><span class="for-a11y">상품 수 <!-- -->1<!-- --> 감소</span></button><span class="element-info-item-qty" aria-describedby="itemCard_title_2518490168"><span class="for-a11y">선택된 수량</span> <!-- -->1</span><button aria-describedby="itemCard_title_2518490168" class="sprite__smilefresh--before element-info-qty-plus"><span class="for-a11y">상품 수 <!-- -->1<!-- --> 증가</span></button></div><button type="button" class="sprite__smilefresh--before element-info-cart" aria-describedby="itemCard_title_2518490168"><span class="for-a11y">장바구니 담기</span></button></div><a href="https://item.gmarket.co.kr/Item?goodscode=2518490168" class="link__itemcard-info"><span class="box__itemcard-title-area" id="itemCard_title_2518490168"><span class="text__brand"><span class="text">사조해표</span></span><span class="text__title" id="item_title">해표 포도씨오일900ml</span></span><span class="box__itemcard-price-area"><span class="box__price-seller"><span class="for-a11y">판매가</span><strong class="text__price-seller">8,000</strong><span class="text__unit">원</span></span><span class="box__prime-cost"><span class="for-a11y">원가</span><span class="text__unit-cost">(<!-- -->100mL당 889원<!-- -->)</span></span></span><span class="box__itemcard-info-score"><span class="sprite__smilefresh--before box__score-awards"><span class="for-a11y">평점</span><span class="text text__score">4.8</span><span class="for-a11y">후기</span><span class="text text__num">(935)</span><span class="for-a11y">건</span></span><span class="box__score-buycnt"><span class="text text__buy">구매</span><span class="text text__num">3,662</span><span class="for-a11y">건</span></span></span><span class="box__itemcard-benefit-tag"><span class="box__tag box__tag-coupon"><span class="sprite__smilefresh--before box__inner">15% 쿠폰</span></span></span></a><button type="button" class="sprite__smilefresh--after button__favorite-item" aria-describedby="itemCard_title_2518490168" aria-pressed="false" aria-label="관심상품 등록하기"></button></div></div></div></div></li><li class="list-item"><div class="box__itemcard-container"><div class="box__itemcard-body"><div class="box__itemcard-inner"><span class="box__thumbnail__label">21</span><a class="link__itemcard" href="https://item.gmarket.co.kr/Item?goodscode=2625411895" tabindex="-1" aria-hidden="true"><span class="box__itemcard-img"><img class="image__itemcard no-js-400?ver=1725092701" src="data:image/gif;base64,R0lGODlhAQABAIAAAP///wAAACH5BAEAAAAALAAAAAABAAEAAAICRAEAOw==" alt="대상 미원 맛소금 250g - 상품 이미지"/><noscript><style>.no-js-400?ver=1725092701 { display: none !important; }</style><img class="image__itemcard" src="https://gdimg.gmarket.co.kr/2625411895/still/400?ver=1725092701" alt="대상 미원 맛소금 250g - 상품 이미지"/></noscript></span></a><div class="box__itemcard-info"><div class="box__element-info"><div class="element-info-qty"><button aria-describedby="itemCard_title_2625411895" class="sprite__smilefresh--before element-info-qty-minus" aria-disabled="true"><span class="for-a11y">상품 수 <!-- -->1<!-- --> 감소</span></button><span class="element-info-item-qty" aria-describedby="itemCard_title_2625411895"><span class="for-a11y">선택된 수량</span> <!-- -->1</span><button aria-describedby="itemCard_title_2625411895" class="sprite__smilefresh--before element-info-qty-plus"><span class="for-a11y">상품 수 <!-- -->1<!-- --> 증가</span></button></div><button type="button" class="sprite__smilefresh--before element-info-cart" aria-describedby="itemCard_title_2625411895"><span class="for-a11y">장바구니 담기</span></button></div><a href="https://item.gmarket.co.kr/Item?goodscode=2625411895" class="link__itemcard-info"><span class="box__itemcard-title-area" id="itemCard_title_2625411895"><span class="text__brand"><span class="text">미원</span></span><span class="text__title" id="item_title">대상 미원 맛소금 250g</span></span><span class="box__itemcard-price-area"><span class="box__price-seller"><span class="for-a11y">판매가</span><strong class="text__price-seller">1,440</strong><span class="text__unit">원</span></span><span class="box__prime-cost"><span class="for-a11y">원가</span><span class="text__unit-cost">(<!-- -->100g당 576원<!-- -->)</span></span></span><span class="box__itemcard-info-score"><span class="sprite__smilefresh--before box__score-awards"><span class="for-a11y">평점</span><span class="text text__score">4.8</span><span class="for-a11y">후기</span><span class="text text__num">(3,179)</span><span class="for-a11y">건</span></span><span class="box__score-buycnt"><span class="text text__buy">구매</span><span class="text text__num">8,257</span><span class="for-a11y">건</span></span></span><span class="box__itemcard-benefit-tag"><span class="box__tag box__tag-coupon"><span class="sprite__smilefresh--before box__inner">15% 쿠폰</span></span></span></a><button type="button" class="sprite__smilefresh--after button__favorite-item" aria-describedby="itemCard_title_2625411895" aria-pressed="false" aria-label="관심상품 등록하기"></button></div></div></div></div></li><li class="list-item"><div class="box__itemcard-container"><div class="box__itemcard-body"><div class="box__itemcard-inner"><span class="box__thumbnail__label">22</span><a class="link__itemcard" href="https://item.gmarket.co.kr/Item?goodscode=2518496584" tabindex="-1" aria-hidden="true"><span class="box__itemcard-img"><img class="image__itemcard no-js-400?ver=1725092602" src="data:image/gif;base64,R0lGODlhAQABAIAAAP///wAAACH5BAEAAAAALAAAAAABAAEAAAICRAEAOw==" alt="오뚜기 골드 마요네즈 300g - 상품 이미지"/><noscript><style>.no-js-400?ver=1725092602 { display: none !important; }</style><img class="image__itemcard" src="https://gdimg.gmarket.co.kr/2518496584/still/400?ver=1725092602" alt="오뚜기 골드 마요네즈 300g - 상품 이미지"/></noscript></span></a><div class="box__itemcard-info"><div class="box__element-info"><div class="element-info-qty"><button aria-describedby="itemCard_title_2518496584" class="sprite__smilefresh--before element-info-qty-minus" aria-disabled="true"><span class="for-a11y">상품 수 <!-- -->1<!-- --> 감소</span></button><span class="element-info-item-qty" aria-describedby="itemCard_title_2518496584"><span class="for-a11y">선택된 수량</span> <!-- -->1</span><button aria-describedby="itemCard_title_2518496584" class="sprite__smilefresh--before element-info-qty-plus"><span class="for-a11y">상품 수 <!-- -->1<!-- --> 증가</span></button></div><button type="button" class="sprite__smilefresh--before element-info-cart" aria-describedby="itemCard_title_2518496584"><span class="for-a11y">장바구니 담기</span></button></div><a href="https://item.gmarket.co.kr/Item?goodscode=2518496584" class="link__itemcard-info"><span class="box__itemcard-title-area" id="itemCard_title_2518496584"><span class="text__brand"><span class="text">오뚜기</span></span><span class="text__title" id="item_title">오뚜기 골드 마요네즈 300g</span></span><span class="box__itemcard-price-area"><span class="box__price-seller"><span class="for-a11y">판매가</span><strong class="text__price-seller">3,950</strong><span class="text__unit">원</span></span><span class="box__prime-cost"><span class="for-a11y">원가</span><span class="text__unit-cost">(<!-- -->100g당 1,317원<!-- -->)</span></span></span><span class="box__itemcard-info-score"><span class="sprite__smilefresh--before box__score-awards"><span class="for-a11y">평점</span><span class="text text__score">4.8</span><span class="for-a11y">후기</span><span class="text text__num">(2,794)</span><span class="for-a11y">건</span></span><span class="box__score-buycnt"><span class="text text__buy">구매</span><span class="text text__num">9,233</span><span class="for-a11y">건</span></span></span><span class="box__itemcard-benefit-tag"><span class="box__tag box__tag-coupon"><span class="sprite__smilefresh--before box__inner">15% 쿠폰</span></span></span></a><button type="button" class="sprite__smilefresh--after button__favorite-item" aria-describedby="itemCard_title_2518496584" aria-pressed="false" aria-label="관심상품 등록하기"></button></div></div></div></div></li><li class="list-item"><div class="box__itemcard-container"><div class="box__itemcard-body"><div class="box__itemcard-inner"><span class="box__thumbnail__label">23</span><a class="link__itemcard" href="https://item.gmarket.co.kr/Item?goodscode=2518442383" tabindex="-1" aria-hidden="true"><span class="box__itemcard-img"><img class="image__itemcard no-js-400?ver=1725088399" src="data:image/gif;base64,R0lGODlhAQABAIAAAP///wAAACH5BAEAAAAALAAAAAABAAEAAAICRAEAOw==" alt="몽고 송표간장프라임 1.8L - 상품 이미지"/><noscript><style>.no-js-400?ver=1725088399 { display: none !important; }</style><img class="image__itemcard" src="https://gdimg.gmarket.co.kr/2518442383/still/400?ver=1725088399" alt="몽고 송표간장프라임 1.8L - 상품 이미지"/></noscript></span></a><div class="box__itemcard-info"><div class="box__element-info"><div class="element-info-qty"><button aria-describedby="itemCard_title_2518442383" class="sprite__smilefresh--before element-info-qty-minus" aria-disabled="true"><span class="for-a11y">상품 수 <!-- -->1<!-- --> 감소</span></button><span class="element-info-item-qty" aria-describedby="itemCard_title_2518442383"><span class="for-a11y">선택된 수량</span> <!-- -->1</span><button aria-describedby="itemCard_title_2518442383" class="sprite__smilefresh--before element-info-qty-plus"><span class="for-a11y">상품 수 <!-- -->1<!-- --> 증가</span></button></div><button type="button" class="sprite__smilefresh--before element-info-cart" aria-describedby="itemCard_title_2518442383"><span class="for-a11y">장바구니 담기</span></button></div><a href="https://item.gmarket.co.kr/Item?goodscode=2518442383" class="link__itemcard-info"><span class="box__itemcard-title-area" id="itemCard_title_2518442383"><span class="text__brand"><span class="text">마산명산</span></span><span class="text__title" id="item_title">몽고 송표간장프라임 1.8L</span></span><span class="box__itemcard-price-area"><span class="box__price-seller"><span class="for-a11y">판매가</span><strong class="text__price-seller">14,980</strong><span class="text__unit">원</span></span></span><span class="box__itemcard-info-score"><span class="sprite__smilefresh--before box__score-awards"><span class="for-a11y">평점</span><span class="text text__score">4.8</span><span class="for-a11y">후기</span><span class="text text__num">(170)</span><span class="for-a11y">건</span></span><span class="box__score-buycnt"><span class="text text__buy">구매</span><span class="text text__num">577</span><span class="for-a11y">건</span></span></span><span class="box__itemcard-benefit-tag"><span class="box__tag box__tag-coupon"><span class="sprite__smilefresh--before box__inner">15% 쿠폰</span></span></span></a><button type="button" class="sprite__smilefresh--after button__favorite-item" aria-describedby="itemCard_title_2518442383" aria-pressed="false" aria-label="관심상품 등록하기"></button></div></div></div></div></li><li class="list-item"><div class="box__itemcard-container"><div class="box__itemcard-body"><div class="box__itemcard-inner"><span class="box__thumbnail__label">24</span><a class="link__itemcard" href="https://item.gmarket.co.kr/Item?goodscode=2518624786" tabindex="-1" aria-hidden="true"><span class="box__itemcard-img"><img class="image__itemcard no-js-400?ver=1725091572" src="data:image/gif;base64,R0lGODlhAQABAIAAAP///wAAACH5BAEAAAAALAAAAAABAAEAAAICRAEAOw==" alt="오뚜기 옛날참기름450ml(캔) - 상품 이미지"/><noscript><style>.no-js-400?ver=1725091572 { display: none !important; }</style><img class="image__itemcard" src="https://gdimg.gmarket.co.kr/2518624786/still/400?ver=1725091572" alt="오뚜기 옛날참기름450ml(캔) - 상품 이미지"/></noscript></span></a><div class="box__itemcard-info"><div class="box__element-info"><div class="element-info-qty"><button aria-describedby="itemCard_title_2518624786" class="sprite__smilefresh--before element-info-qty-minus" aria-disabled="true"><span class="for-a11y">상품 수 <!-- -->1<!-- --> 감소</span></button><span class="element-info-item-qty" aria-describedby="itemCard_title_2518624786"><span class="for-a11y">선택된 수량</span> <!-- -->1</span><button aria-describedby="itemCard_title_2518624786" class="sprite__smilefresh--before element-info-qty-plus"><span class="for-a11y">상품 수 <!-- -->1<!-- --> 증가</span></button></div><button type="button" class="sprite__smilefresh--before element-info-cart" aria-describedby="itemCard_title_2518624786"><span class="for-a11y">장바구니 담기</span></button></div><a href="https://item.gmarket.co.kr/Item?goodscode=2518624786" class="link__itemcard-info"><span class="box__itemcard-title-area" id="itemCard_title_2518624786"><span class="text__brand"><span class="text">오뚜기</span></span><span class="text__title" id="item_title">오뚜기 옛날참기름450ml(캔)</span></span><span class="box__itemcard-price-area"><span class="box__price-seller"><span class="for-a11y">판매가</span><strong class="text__price-seller">7,980</strong><span class="text__unit">원</span></span><span class="box__prime-cost"><span class="for-a11y">원가</span><span class="text__unit-cost">(<!-- -->10mL당 177원<!-- -->)</span></span></span><span class="box__itemcard-info-score"><span class="sprite__smilefresh--before box__score-awards"><span class="for-a11y">평점</span><span class="text text__score">4.7</span><span class="for-a11y">후기</span><span class="text text__num">(1,655)</span><span class="for-a11y">건</span></span><span class="box__score-buycnt"><span class="text text__buy">구매</span><span class="text text__num">5,887</span><span class="for-a11y">건</span></span></span><span class="box__itemcard-benefit-tag"><span class="box__tag box__tag-coupon"><span class="sprite__smilefresh--before box__inner">15% 쿠폰</span></span></span></a><button type="button" class="sprite__smilefresh--after button__favorite-item" aria-describedby="itemCard_title_2518624786" aria-pressed="false" aria-label="관심상품 등록하기"></button></div></div></div></div></li><li class="list-item"><div class="box__itemcard-container"><div class="box__itemcard-body"><div class="box__itemcard-inner"><span class="box__thumbnail__label">25</span><a class="link__itemcard" href="https://item.gmarket.co.kr/Item?goodscode=3026275596" tabindex="-1" aria-hidden="true"><span class="box__itemcard-img"><img class="image__itemcard no-js-400?ver=1725133166" src="data:image/gif;base64,R0lGODlhAQABAIAAAP///wAAACH5BAEAAAAALAAAAAABAAEAAAICRAEAOw==" alt="CJ 백설 참치액 진 더 풍부한 맛 500g - 상품 이미지"/><noscript><style>.no-js-400?ver=1725133166 { display: none !important; }</style><img class="image__itemcard" src="https://gdimg.gmarket.co.kr/3026275596/still/400?ver=1725133166" alt="CJ 백설 참치액 진 더 풍부한 맛 500g - 상품 이미지"/></noscript></span></a><div class="box__itemcard-info"><div class="box__element-info"><div class="element-info-qty"><button aria-describedby="itemCard_title_3026275596" class="sprite__smilefresh--before element-info-qty-minus" aria-disabled="true"><span class="for-a11y">상품 수 <!-- -->1<!-- --> 감소</span></button><span class="element-info-item-qty" aria-describedby="itemCard_title_3026275596"><span class="for-a11y">선택된 수량</span> <!-- -->1</span><button aria-describedby="itemCard_title_3026275596" class="sprite__smilefresh--before element-info-qty-plus"><span class="for-a11y">상품 수 <!-- -->1<!-- --> 증가</span></button></div><button type="button" class="sprite__smilefresh--before element-info-cart" aria-describedby="itemCard_title_3026275596"><span class="for-a11y">장바구니 담기</span></button></div><a href="https://item.gmarket.co.kr/Item?goodscode=3026275596" class="link__itemcard-info"><span class="box__itemcard-title-area" id="itemCard_title_3026275596"><span class="text__title" id="item_title">CJ 백설 참치액 진 더 풍부한 맛 500g</span></span><span class="box__itemcard-price-area"><span class="box__price-seller"><span class="for-a11y">판매가</span><strong class="text__price-seller">7,980</strong><span class="text__unit">원</span></span></span><span class="box__itemcard-info-score"><span class="sprite__smilefresh--before box__score-awards"><span class="for-a11y">평점</span><span class="text text__score">4.8</span><span class="for-a11y">후기</span><span class="text text__num">(293)</span><span class="for-a11y">건</span></span><span class="box__score-buycnt"><span class="text text__buy">구매</span><span class="text text__num">1,163</span><span class="for-a11y">건</span></span></span><span class="box__itemcard-benefit-tag"><span class="box__tag box__tag-coupon"><span class="sprite__smilefresh--before box__inner">15% 쿠폰</span></span></span></a><button type="button" class="sprite__smilefresh--after button__favorite-item" aria-describedby="itemCard_title_3026275596" aria-pressed="false" aria-label="관심상품 등록하기"></button></div></div></div></div></li><li class="list-item"><div class="box__itemcard-container"><div class="box__itemcard-body"><div class="box__itemcard-inner"><span class="box__thumbnail__label">26</span><a class="link__itemcard" href="https://item.gmarket.co.kr/Item?goodscode=2518497470" tabindex="-1" aria-hidden="true"><span class="box__itemcard-img"><img class="image__itemcard no-js-400?ver=1725092613" src="data:image/gif;base64,R0lGODlhAQABAIAAAP///wAAACH5BAEAAAAALAAAAAABAAEAAAICRAEAOw==" alt="오뚜기 토마토케찹 300g - 상품 이미지"/><noscript><style>.no-js-400?ver=1725092613 { display: none !important; }</style><img class="image__itemcard" src="https://gdimg.gmarket.co.kr/2518497470/still/400?ver=1725092613" alt="오뚜기 토마토케찹 300g - 상품 이미지"/></noscript></span></a><div class="box__itemcard-info"><div class="box__element-info"><div class="element-info-qty"><button aria-describedby="itemCard_title_2518497470" class="sprite__smilefresh--before element-info-qty-minus" aria-disabled="true"><span class="for-a11y">상품 수 <!-- -->1<!-- --> 감소</span></button><span class="element-info-item-qty" aria-describedby="itemCard_title_2518497470"><span class="for-a11y">선택된 수량</span> <!-- -->1</span><button aria-describedby="itemCard_title_2518497470" class="sprite__smilefresh--before element-info-qty-plus"><span class="for-a11y">상품 수 <!-- -->1<!-- --> 증가</span></button></div><button type="button" class="sprite__smilefresh--before element-info-cart" aria-describedby="itemCard_title_2518497470"><span class="for-a11y">장바구니 담기</span></button></div><a href="https://item.gmarket.co.kr/Item?goodscode=2518497470" class="link__itemcard-info"><span class="box__itemcard-title-area" id="itemCard_title_2518497470"><span class="text__brand"><span class="text">오뚜기</span></span><span class="text__title" id="item_title">오뚜기 토마토케찹 300g</span></span><span class="box__itemcard-price-area"><span class="box__price-seller"><span class="for-a11y">판매가</span><strong class="text__price-seller">2,180</strong><span class="text__unit">원</span></span><span class="box__prime-cost"><span class="for-a11y">원가</span><span class="text__unit-cost">(<!-- -->100g당 727원<!-- -->)</span></span></span><span class="box__itemcard-info-score"><span class="sprite__smilefresh--before box__score-awards"><span class="for-a11y">평점</span><span class="text text__score">4.8</span><span class="for-a11y">후기</span><span class="text text__num">(4,304)</span><span class="for-a11y">건</span></span><span class="box__score-buycnt"><span class="text text__buy">구매</span><span class="text text__num">13,306</span><span class="for-a11y">건</span></span></span><span class="box__itemcard-benefit-tag"><span class="box__tag box__tag-coupon"><span class="sprite__smilefresh--before box__inner">15% 쿠폰</span></span></span></a><button type="button" class="sprite__smilefresh--after button__favorite-item" aria-describedby="itemCard_title_2518497470" aria-pressed="false" aria-label="관심상품 등록하기"></button></div></div></div></div></li><li class="list-item"><div class="box__itemcard-container"><div class="box__itemcard-body"><div class="box__itemcard-inner"><span class="box__thumbnail__label">27</span><a class="link__itemcard" href="https://item.gmarket.co.kr/Item?goodscode=2903929505" tabindex="-1" aria-hidden="true"><span class="box__itemcard-img"><img class="image__itemcard no-js-400?ver=1725127630" src="data:image/gif;base64,R0lGODlhAQABAIAAAP///wAAACH5BAEAAAAALAAAAAABAAEAAAICRAEAOw==" alt="피코크 올리브오일 500ml(아르베키나) - 상품 이미지"/><noscript><style>.no-js-400?ver=1725127630 { display: none !important; }</style><img class="image__itemcard" src="https://gdimg.gmarket.co.kr/2903929505/still/400?ver=1725127630" alt="피코크 올리브오일 500ml(아르베키나) - 상품 이미지"/></noscript></span></a><div class="box__itemcard-info"><div class="box__element-info"><div class="element-info-qty"><button aria-describedby="itemCard_title_2903929505" class="sprite__smilefresh--before element-info-qty-minus" aria-disabled="true"><span class="for-a11y">상품 수 <!-- -->1<!-- --> 감소</span></button><span class="element-info-item-qty" aria-describedby="itemCard_title_2903929505"><span class="for-a11y">선택된 수량</span> <!-- -->1</span><button aria-describedby="itemCard_title_2903929505" class="sprite__smilefresh--before element-info-qty-plus"><span class="for-a11y">상품 수 <!-- -->1<!-- --> 증가</span></button></div><button type="button" class="sprite__smilefresh--before element-info-cart" aria-describedby="itemCard_title_2903929505"><span class="for-a11y">장바구니 담기</span></button></div><a href="https://item.gmarket.co.kr/Item?goodscode=2903929505" class="link__itemcard-info"><span class="box__itemcard-title-area" id="itemCard_title_2903929505"><span class="text__title" id="item_title">피코크 올리브오일 500ml(아르베키나)</span></span><span class="box__itemcard-price-area"><span class="box__price-seller"><span class="for-a11y">판매가</span><strong class="text__price-seller">11,480</strong><span class="text__unit">원</span></span></span><span class="box__itemcard-info-score"><span class="sprite__smilefresh--before box__score-awards"><span class="for-a11y">평점</span><span class="text text__score">4.8</span><span class="for-a11y">후기</span><span class="text text__num">(262)</span><span class="for-a11y">건</span></span><span class="box__score-buycnt"><span class="text text__buy">구매</span><span class="text text__num">911</span><span class="for-a11y">건</span></span></span><span class="box__itemcard-benefit-tag"><span class="box__tag box__tag-coupon"><span class="sprite__smilefresh--before box__inner">15% 쿠폰</span></span></span></a><button type="button" class="sprite__smilefresh--after button__favorite-item" aria-describedby="itemCard_title_2903929505" aria-pressed="false" aria-label="관심상품 등록하기"></button></div></div></div></div></li><li class="list-item"><div class="box__itemcard-container"><div class="box__itemcard-body"><div class="box__itemcard-inner"><span class="box__thumbnail__label">28</span><a class="link__itemcard" href="https://item.gmarket.co.kr/Item?goodscode=2518358674" tabindex="-1" aria-hidden="true"><span class="box__itemcard-img"><img class="image__itemcard no-js-400?ver=1725092679" src="data:image/gif;base64,R0lGODlhAQABAIAAAP///wAAACH5BAEAAAAALAAAAAABAAEAAAICRAEAOw==" alt="해표 식용유1.8L - 상품 이미지"/><noscript><style>.no-js-400?ver=1725092679 { display: none !important; }</style><img class="image__itemcard" src="https://gdimg.gmarket.co.kr/2518358674/still/400?ver=1725092679" alt="해표 식용유1.8L - 상품 이미지"/></noscript></span></a><div class="box__itemcard-info"><div class="box__element-info"><div class="element-info-qty"><button aria-describedby="itemCard_title_2518358674" class="sprite__smilefresh--before element-info-qty-minus" aria-disabled="true"><span class="for-a11y">상품 수 <!-- -->1<!-- --> 감소</span></button><span class="element-info-item-qty" aria-describedby="itemCard_title_2518358674"><span class="for-a11y">선택된 수량</span> <!-- -->1</span><button aria-describedby="itemCard_title_2518358674" class="sprite__smilefresh--before element-info-qty-plus"><span class="for-a11y">상품 수 <!-- -->1<!-- --> 증가</span></button></div><button type="button" class="sprite__smilefresh--before element-info-cart" aria-describedby="itemCard_title_2518358674"><span class="for-a11y">장바구니 담기</span></button></div><a href="https://item.gmarket.co.kr/Item?goodscode=2518358674" class="link__itemcard-info"><span class="box__itemcard-title-area" id="itemCard_title_2518358674"><span class="text__brand"><span class="text">사조해표</span></span><span class="text__title" id="item_title">해표 식용유1.8L</span></span><span class="box__itemcard-price-area"><span class="box__price-seller"><span class="for-a11y">판매가</span><strong class="text__price-seller">6,980</strong><span class="text__unit">원</span></span><span class="box__prime-cost"><span class="for-a11y">원가</span><span class="text__unit-cost">(<!-- -->100mL당 388원<!-- -->)</span></span></span><span class="box__itemcard-info-score"><span class="sprite__smilefresh--before box__score-awards"><span class="for-a11y">평점</span><span class="text text__score">4.8</span><span class="for-a11y">후기</span><span class="text text__num">(3,134)</span><span class="for-a11y">건</span></span><span class="box__score-buycnt"><span class="text text__buy">구매</span><span class="text text__num">27,340</span><span class="for-a11y">건</span></span></span><span class="box__itemcard-benefit-tag"><span class="box__tag box__tag-coupon"><span class="sprite__smilefresh--before box__inner">15% 쿠폰</span></span></span></a><button type="button" class="sprite__smilefresh--after button__favorite-item" aria-describedby="itemCard_title_2518358674" aria-pressed="false" aria-label="관심상품 등록하기"></button></div></div></div></div></li><li class="list-item"><div class="box__itemcard-container"><div class="box__itemcard-body"><div class="box__itemcard-inner"><span class="box__thumbnail__label">29</span><a class="link__itemcard" href="https://item.gmarket.co.kr/Item?goodscode=2518717808" tabindex="-1" aria-hidden="true"><span class="box__itemcard-img"><img class="image__itemcard no-js-400?ver=1725092033" src="data:image/gif;base64,R0lGODlhAQABAIAAAP///wAAACH5BAEAAAAALAAAAAABAAEAAAICRAEAOw==" alt="올리비탈 올리브오일1L - 상품 이미지"/><noscript><style>.no-js-400?ver=1725092033 { display: none !important; }</style><img class="image__itemcard" src="https://gdimg.gmarket.co.kr/2518717808/still/400?ver=1725092033" alt="올리비탈 올리브오일1L - 상품 이미지"/></noscript></span></a><div class="box__itemcard-info"><div class="box__element-info"><div class="element-info-qty"><button aria-describedby="itemCard_title_2518717808" class="sprite__smilefresh--before element-info-qty-minus" aria-disabled="true"><span class="for-a11y">상품 수 <!-- -->1<!-- --> 감소</span></button><span class="element-info-item-qty" aria-describedby="itemCard_title_2518717808"><span class="for-a11y">선택된 수량</span> <!-- -->1</span><button aria-describedby="itemCard_title_2518717808" class="sprite__smilefresh--before element-info-qty-plus"><span class="for-a11y">상품 수 <!-- -->1<!-- --> 증가</span></button></div><button type="button" class="sprite__smilefresh--before element-info-cart" aria-describedby="itemCard_title_2518717808"><span class="for-a11y">장바구니 담기</span></button></div><a href="https://item.gmarket.co.kr/Item?goodscode=2518717808" class="link__itemcard-info"><span class="box__itemcard-title-area" id="itemCard_title_2518717808"><span class="text__brand"><span class="text">올리비탈</span></span><span class="text__title" id="item_title">올리비탈 올리브오일1L</span></span><span class="box__itemcard-price-area"><span class="box__price-seller"><span class="for-a11y">판매가</span><strong class="text__price-seller">27,800</strong><span class="text__unit">원</span></span><span class="box__prime-cost"><span class="for-a11y">원가</span><span class="text__unit-cost">(<!-- -->100mL당 2,780원<!-- -->)</span></span></span><span class="box__itemcard-info-score"><span class="sprite__smilefresh--before box__score-awards"><span class="for-a11y">평점</span><span class="text text__score">4.8</span><span class="for-a11y">후기</span><span class="text text__num">(176)</span><span class="for-a11y">건</span></span><span class="box__score-buycnt"><span class="text text__buy">구매</span><span class="text text__num">576</span><span class="for-a11y">건</span></span></span><span class="box__itemcard-benefit-tag"><span class="box__tag box__tag-coupon"><span class="sprite__smilefresh--before box__inner">15% 쿠폰</span></span></span></a><button type="button" class="sprite__smilefresh--after button__favorite-item" aria-describedby="itemCard_title_2518717808" aria-pressed="false" aria-label="관심상품 등록하기"></button></div></div></div></div></li><li class="list-item"><div class="box__itemcard-container"><div class="box__itemcard-body"><div class="box__itemcard-inner"><span class="box__thumbnail__label">30</span><a class="link__itemcard" href="https://item.gmarket.co.kr/Item?goodscode=2522511816" tabindex="-1" aria-hidden="true"><span class="box__itemcard-img"><img class="image__itemcard no-js-400?ver=1725102164" src="data:image/gif;base64,R0lGODlhAQABAIAAAP///wAAACH5BAEAAAAALAAAAAABAAEAAAICRAEAOw==" alt="미림 900ml - 상품 이미지"/><noscript><style>.no-js-400?ver=1725102164 { display: none !important; }</style><img class="image__itemcard" src="https://gdimg.gmarket.co.kr/2522511816/still/400?ver=1725102164" alt="미림 900ml - 상품 이미지"/></noscript></span></a><div class="box__itemcard-info"><div class="box__element-info"><div class="element-info-qty"><button aria-describedby="itemCard_title_2522511816" class="sprite__smilefresh--before element-info-qty-minus" aria-disabled="true"><span class="for-a11y">상품 수 <!-- -->1<!-- --> 감소</span></button><span class="element-info-item-qty" aria-describedby="itemCard_title_2522511816"><span class="for-a11y">선택된 수량</span> <!-- -->1</span><button aria-describedby="itemCard_title_2522511816" class="sprite__smilefresh--before element-info-qty-plus"><span class="for-a11y">상품 수 <!-- -->1<!-- --> 증가</span></button></div><button type="button" class="sprite__smilefresh--before element-info-cart" aria-describedby="itemCard_title_2522511816"><span class="for-a11y">장바구니 담기</span></button></div><a href="https://item.gmarket.co.kr/Item?goodscode=2522511816" class="link__itemcard-info"><span class="box__itemcard-title-area" id="itemCard_title_2522511816"><span class="text__brand"><span class="text">롯데칠성</span></span><span class="text__title" id="item_title">미림 900ml</span></span><span class="box__itemcard-price-area"><span class="box__price-seller"><span class="for-a11y">판매가</span><strong class="text__price-seller">3,670</strong><span class="text__unit">원</span></span></span><span class="box__itemcard-info-score"><span class="sprite__smilefresh--before box__score-awards"><span class="for-a11y">평점</span><span class="text text__score">4.8</span><span class="for-a11y">후기</span><span class="text text__num">(1,783)</span><span class="for-a11y">건</span></span><span class="box__score-buycnt"><span class="text text__buy">구매</span><span class="text text__num">5,028</span><span class="for-a11y">건</span></span></span><span class="box__itemcard-benefit-tag"><span class="box__tag box__tag-coupon"><span class="sprite__smilefresh--before box__inner">15% 쿠폰</span></span></span></a><button type="button" class="sprite__smilefresh--after button__favorite-item" aria-describedby="itemCard_title_2522511816" aria-pressed="false" aria-label="관심상품 등록하기"></button></div></div></div></div></li><li class="list-item"><div class="box__itemcard-container"><div class="box__itemcard-body"><div class="box__itemcard-inner"><span class="box__thumbnail__label">31</span><a class="link__itemcard" href="https://item.gmarket.co.kr/Item?goodscode=2518900786" tabindex="-1" aria-hidden="true"><span class="box__itemcard-img"><img class="image__itemcard no-js-400?ver=1725114267" src="data:image/gif;base64,R0lGODlhAQABAIAAAP///wAAACH5BAEAAAAALAAAAAABAAEAAAICRAEAOw==" alt="노브랜드 중력밀가루 1kg - 상품 이미지"/><noscript><style>.no-js-400?ver=1725114267 { display: none !important; }</style><img class="image__itemcard" src="https://gdimg.gmarket.co.kr/2518900786/still/400?ver=1725114267" alt="노브랜드 중력밀가루 1kg - 상품 이미지"/></noscript></span></a><div class="box__itemcard-info"><div class="box__element-info"><div class="element-info-qty"><button aria-describedby="itemCard_title_2518900786" class="sprite__smilefresh--before element-info-qty-minus" aria-disabled="true"><span class="for-a11y">상품 수 <!-- -->1<!-- --> 감소</span></button><span class="element-info-item-qty" aria-describedby="itemCard_title_2518900786"><span class="for-a11y">선택된 수량</span> <!-- -->1</span><button aria-describedby="itemCard_title_2518900786" class="sprite__smilefresh--before element-info-qty-plus"><span class="for-a11y">상품 수 <!-- -->1<!-- --> 증가</span></button></div><button type="button" class="sprite__smilefresh--before element-info-cart" aria-describedby="itemCard_title_2518900786"><span class="for-a11y">장바구니 담기</span></button></div><a href="https://item.gmarket.co.kr/Item?goodscode=2518900786" class="link__itemcard-info"><span class="box__itemcard-title-area" id="itemCard_title_2518900786"><span class="text__brand"><span class="text">노브랜드</span></span><span class="text__title" id="item_title">노브랜드 중력밀가루 1kg</span></span><span class="box__itemcard-price-area"><span class="box__price-seller"><span class="for-a11y">판매가</span><strong class="text__price-seller">1,380</strong><span class="text__unit">원</span></span><span class="box__prime-cost"><span class="for-a11y">원가</span><span class="text__unit-cost">(<!-- -->100g당 138원<!-- -->)</span></span></span><span class="box__itemcard-info-score"><span class="sprite__smilefresh--before box__score-awards"><span class="for-a11y">평점</span><span class="text text__score">4.7</span><span class="for-a11y">후기</span><span class="text text__num">(2,653)</span><span class="for-a11y">건</span></span><span class="box__score-buycnt"><span class="text text__buy">구매</span><span class="text text__num">6,910</span><span class="for-a11y">건</span></span></span></a><button type="button" class="sprite__smilefresh--after button__favorite-item" aria-describedby="itemCard_title_2518900786" aria-pressed="false" aria-label="관심상품 등록하기"></button></div></div></div></div></li><li class="list-item"><div class="box__itemcard-container"><div class="box__itemcard-body"><div class="box__itemcard-inner"><span class="box__thumbnail__label">32</span><a class="link__itemcard" href="https://item.gmarket.co.kr/Item?goodscode=2903929557" tabindex="-1" aria-hidden="true"><span class="box__itemcard-img"><img class="image__itemcard no-js-400?ver=1725127628" src="data:image/gif;base64,R0lGODlhAQABAIAAAP///wAAACH5BAEAAAAALAAAAAABAAEAAAICRAEAOw==" alt="피코크 올리브오일 500ml(오히블랑카) - 상품 이미지"/><noscript><style>.no-js-400?ver=1725127628 { display: none !important; }</style><img class="image__itemcard" src="https://gdimg.gmarket.co.kr/2903929557/still/400?ver=1725127628" alt="피코크 올리브오일 500ml(오히블랑카) - 상품 이미지"/></noscript></span></a><div class="box__itemcard-info"><div class="box__element-info"><div class="element-info-qty"><button aria-describedby="itemCard_title_2903929557" class="sprite__smilefresh--before element-info-qty-minus" aria-disabled="true"><span class="for-a11y">상품 수 <!-- -->1<!-- --> 감소</span></button><span class="element-info-item-qty" aria-describedby="itemCard_title_2903929557"><span class="for-a11y">선택된 수량</span> <!-- -->1</span><button aria-describedby="itemCard_title_2903929557" class="sprite__smilefresh--before element-info-qty-plus"><span class="for-a11y">상품 수 <!-- -->1<!-- --> 증가</span></button></div><button type="button" class="sprite__smilefresh--before element-info-cart" aria-describedby="itemCard_title_2903929557"><span class="for-a11y">장바구니 담기</span></button></div><a href="https://item.gmarket.co.kr/Item?goodscode=2903929557" class="link__itemcard-info"><span class="box__itemcard-title-area" id="itemCard_title_2903929557"><span class="text__title" id="item_title">피코크 올리브오일 500ml(오히블랑카)</span></span><span class="box__itemcard-price-area"><span class="box__price-seller"><span class="for-a11y">판매가</span><strong class="text__price-seller">11,480</strong><span class="text__unit">원</span></span></span><span class="box__itemcard-info-score"><span class="sprite__smilefresh--before box__score-awards"><span class="for-a11y">평점</span><span class="text text__score">4.8</span><span class="for-a11y">후기</span><span class="text text__num">(202)</span><span class="for-a11y">건</span></span><span class="box__score-buycnt"><span class="text text__buy">구매</span><span class="text text__num">668</span><span class="for-a11y">건</span></span></span><span class="box__itemcard-benefit-tag"><span class="box__tag box__tag-coupon"><span class="sprite__smilefresh--before box__inner">15% 쿠폰</span></span></span></a><button type="button" class="sprite__smilefresh--after button__favorite-item" aria-describedby="itemCard_title_2903929557" aria-pressed="false" aria-label="관심상품 등록하기"></button></div></div></div></div></li><li class="list-item"><div class="box__itemcard-container"><div class="box__itemcard-body"><div class="box__itemcard-inner"><span class="box__thumbnail__label">33</span><a class="link__itemcard" href="https://item.gmarket.co.kr/Item?goodscode=2523112832" tabindex="-1" aria-hidden="true"><span class="box__itemcard-img"><img class="image__itemcard no-js-400?ver=1725099922" src="data:image/gif;base64,R0lGODlhAQABAIAAAP///wAAACH5BAEAAAAALAAAAAABAAEAAAICRAEAOw==" alt="파르키오니 올리브오일1L - 상품 이미지"/><noscript><style>.no-js-400?ver=1725099922 { display: none !important; }</style><img class="image__itemcard" src="https://gdimg.gmarket.co.kr/2523112832/still/400?ver=1725099922" alt="파르키오니 올리브오일1L - 상품 이미지"/></noscript></span></a><div class="box__itemcard-info"><div class="box__element-info"><div class="element-info-qty"><button aria-describedby="itemCard_title_2523112832" class="sprite__smilefresh--before element-info-qty-minus" aria-disabled="true"><span class="for-a11y">상품 수 <!-- -->1<!-- --> 감소</span></button><span class="element-info-item-qty" aria-describedby="itemCard_title_2523112832"><span class="for-a11y">선택된 수량</span> <!-- -->1</span><button aria-describedby="itemCard_title_2523112832" class="sprite__smilefresh--before element-info-qty-plus"><span class="for-a11y">상품 수 <!-- -->1<!-- --> 증가</span></button></div><button type="button" class="sprite__smilefresh--before element-info-cart" aria-describedby="itemCard_title_2523112832"><span class="for-a11y">장바구니 담기</span></button></div><a href="https://item.gmarket.co.kr/Item?goodscode=2523112832" class="link__itemcard-info"><span class="box__itemcard-title-area" id="itemCard_title_2523112832"><span class="text__title" id="item_title">파르키오니 올리브오일1L</span></span><span class="box__itemcard-price-area"><span class="box__price-seller"><span class="for-a11y">판매가</span><strong class="text__price-seller">27,800</strong><span class="text__unit">원</span></span><span class="box__prime-cost"><span class="for-a11y">원가</span><span class="text__unit-cost">(<!-- -->100mL당 2,780원<!-- -->)</span></span></span><span class="box__itemcard-info-score"><span class="sprite__smilefresh--before box__score-awards"><span class="for-a11y">평점</span><span class="text text__score">4.6</span><span class="for-a11y">후기</span><span class="text text__num">(46)</span><span class="for-a11y">건</span></span><span class="box__score-buycnt"><span class="text text__buy">구매</span><span class="text text__num">131</span><span class="for-a11y">건</span></span></span><span class="box__itemcard-benefit-tag"><span class="box__tag box__tag-coupon"><span class="sprite__smilefresh--before box__inner">15% 쿠폰</span></span></span></a><button type="button" class="sprite__smilefresh--after button__favorite-item" aria-describedby="itemCard_title_2523112832" aria-pressed="false" aria-label="관심상품 등록하기"></button></div></div></div></div></li><li class="list-item"><div class="box__itemcard-container"><div class="box__itemcard-body"><div class="box__itemcard-inner"><span class="box__thumbnail__label">34</span><a class="link__itemcard" href="https://item.gmarket.co.kr/Item?goodscode=2518616472" tabindex="-1" aria-hidden="true"><span class="box__itemcard-img"><img class="image__itemcard no-js-400?ver=1725091391" src="data:image/gif;base64,R0lGODlhAQABAIAAAP///wAAACH5BAEAAAAALAAAAAABAAEAAAICRAEAOw==" alt="백설  소갈비 양념 500g - 상품 이미지"/><noscript><style>.no-js-400?ver=1725091391 { display: none !important; }</style><img class="image__itemcard" src="https://gdimg.gmarket.co.kr/2518616472/still/400?ver=1725091391" alt="백설  소갈비 양념 500g - 상품 이미지"/></noscript></span></a><div class="box__itemcard-info"><div class="box__element-info"><div class="element-info-qty"><button aria-describedby="itemCard_title_2518616472" class="sprite__smilefresh--before element-info-qty-minus" aria-disabled="true"><span class="for-a11y">상품 수 <!-- -->1<!-- --> 감소</span></button><span class="element-info-item-qty" aria-describedby="itemCard_title_2518616472"><span class="for-a11y">선택된 수량</span> <!-- -->1</span><button aria-describedby="itemCard_title_2518616472" class="sprite__smilefresh--before element-info-qty-plus"><span class="for-a11y">상품 수 <!-- -->1<!-- --> 증가</span></button></div><button type="button" class="sprite__smilefresh--before element-info-cart" aria-describedby="itemCard_title_2518616472"><span class="for-a11y">장바구니 담기</span></button></div><a href="https://item.gmarket.co.kr/Item?goodscode=2518616472" class="link__itemcard-info"><span class="box__itemcard-title-area" id="itemCard_title_2518616472"><span class="text__brand"><span class="text">백설</span></span><span class="text__title" id="item_title">백설  소갈비 양념 500g</span></span><span class="box__itemcard-price-area"><span class="box__price-seller"><span class="for-a11y">판매가</span><strong class="text__price-seller">3,480</strong><span class="text__unit">원</span></span><span class="box__prime-cost"><span class="for-a11y">원가</span><span class="text__unit-cost">(<!-- -->100g당 696원<!-- -->)</span></span></span><span class="box__itemcard-info-score"><span class="sprite__smilefresh--before box__score-awards"><span class="for-a11y">평점</span><span class="text text__score">4.8</span><span class="for-a11y">후기</span><span class="text text__num">(843)</span><span class="for-a11y">건</span></span><span class="box__score-buycnt"><span class="text text__buy">구매</span><span class="text text__num">3,136</span><span class="for-a11y">건</span></span></span><span class="box__itemcard-benefit-tag"><span class="box__tag box__tag-coupon"><span class="sprite__smilefresh--before box__inner">15% 쿠폰</span></span></span></a><button type="button" class="sprite__smilefresh--after button__favorite-item" aria-describedby="itemCard_title_2518616472" aria-pressed="false" aria-label="관심상품 등록하기"></button></div></div></div></div></li><li class="list-item"><div class="box__itemcard-container"><div class="box__itemcard-body"><div class="box__itemcard-inner"><span class="box__thumbnail__label">35</span><a class="link__itemcard" href="https://item.gmarket.co.kr/Item?goodscode=3951322870" tabindex="-1" aria-hidden="true"><span class="box__itemcard-img"><img class="image__itemcard no-js-400?ver=1725092617" src="data:image/gif;base64,R0lGODlhAQABAIAAAP///wAAACH5BAEAAAAALAAAAAABAAEAAAICRAEAOw==" alt="오뚜기 튀김가루 1kg - 상품 이미지"/><noscript><style>.no-js-400?ver=1725092617 { display: none !important; }</style><img class="image__itemcard" src="https://gdimg.gmarket.co.kr/3951322870/still/400?ver=1725092617" alt="오뚜기 튀김가루 1kg - 상품 이미지"/></noscript></span></a><div class="box__itemcard-info"><div class="box__element-info"><div class="element-info-qty"><button aria-describedby="itemCard_title_3951322870" class="sprite__smilefresh--before element-info-qty-minus" aria-disabled="true"><span class="for-a11y">상품 수 <!-- -->1<!-- --> 감소</span></button><span class="element-info-item-qty" aria-describedby="itemCard_title_3951322870"><span class="for-a11y">선택된 수량</span> <!-- -->1</span><button aria-describedby="itemCard_title_3951322870" class="sprite__smilefresh--before element-info-qty-plus"><span class="for-a11y">상품 수 <!-- -->1<!-- --> 증가</span></button></div><button type="button" class="sprite__smilefresh--before element-info-cart" aria-describedby="itemCard_title_3951322870"><span class="for-a11y">장바구니 담기</span></button></div><a href="https://item.gmarket.co.kr/Item?goodscode=3951322870" class="link__itemcard-info"><span class="box__itemcard-title-area" id="itemCard_title_3951322870"><span class="text__brand"><span class="text">오뚜기</span></span><span class="text__title" id="item_title">오뚜기 튀김가루 1kg</span></span><span class="box__itemcard-price-area"><span class="box__price-seller"><span class="for-a11y">판매가</span><strong class="text__price-seller">2,980</strong><span class="text__unit">원</span></span><span class="box__prime-cost"><span class="for-a11y">원가</span><span class="text__unit-cost">(<!-- -->100g당 298원<!-- -->)</span></span></span><span class="box__itemcard-info-score"><span class="sprite__smilefresh--before box__score-awards"><span class="for-a11y">평점</span><span class="text text__score">4.6</span><span class="for-a11y">후기</span><span class="text text__num">(83)</span><span class="for-a11y">건</span></span><span class="box__score-buycnt"><span class="text text__buy">구매</span><span class="text text__num">315</span><span class="for-a11y">건</span></span></span><span class="box__itemcard-benefit-tag"><span class="box__tag box__tag-coupon"><span class="sprite__smilefresh--before box__inner">15% 쿠폰</span></span></span></a><button type="button" class="sprite__smilefresh--after button__favorite-item" aria-describedby="itemCard_title_3951322870" aria-pressed="false" aria-label="관심상품 등록하기"></button></div></div></div></div></li><li class="list-item"><div class="box__itemcard-container"><div class="box__itemcard-body"><div class="box__itemcard-inner"><span class="box__thumbnail__label">36</span><a class="link__itemcard" href="https://item.gmarket.co.kr/Item?goodscode=2519122205" tabindex="-1" aria-hidden="true"><span class="box__itemcard-img"><img class="image__itemcard no-js-400?ver=1725120941" src="data:image/gif;base64,R0lGODlhAQABAIAAAP///wAAACH5BAEAAAAALAAAAAABAAEAAAICRAEAOw==" alt="청정원 맛선생 멸치디포리 국물내기 한알 100g - 상품 이미지"/><noscript><style>.no-js-400?ver=1725120941 { display: none !important; }</style><img class="image__itemcard" src="https://gdimg.gmarket.co.kr/2519122205/still/400?ver=1725120941" alt="청정원 맛선생 멸치디포리 국물내기 한알 100g - 상품 이미지"/></noscript></span></a><div class="box__itemcard-info"><div class="box__element-info"><div class="element-info-qty"><button aria-describedby="itemCard_title_2519122205" class="sprite__smilefresh--before element-info-qty-minus" aria-disabled="true"><span class="for-a11y">상품 수 <!-- -->1<!-- --> 감소</span></button><span class="element-info-item-qty" aria-describedby="itemCard_title_2519122205"><span class="for-a11y">선택된 수량</span> <!-- -->1</span><button aria-describedby="itemCard_title_2519122205" class="sprite__smilefresh--before element-info-qty-plus"><span class="for-a11y">상품 수 <!-- -->1<!-- --> 증가</span></button></div><button type="button" class="sprite__smilefresh--before element-info-cart" aria-describedby="itemCard_title_2519122205"><span class="for-a11y">장바구니 담기</span></button></div><a href="https://item.gmarket.co.kr/Item?goodscode=2519122205" class="link__itemcard-info"><span class="box__itemcard-title-area" id="itemCard_title_2519122205"><span class="text__title" id="item_title">청정원 맛선생 멸치디포리 국물내기 한알 100g</span></span><span class="box__itemcard-price-area"><span class="box__price-seller"><span class="for-a11y">판매가</span><strong class="text__price-seller">9,900</strong><span class="text__unit">원</span></span></span><span class="box__itemcard-info-score"><span class="sprite__smilefresh--before box__score-awards"><span class="for-a11y">평점</span><span class="text text__score">4.7</span><span class="for-a11y">후기</span><span class="text text__num">(482)</span><span class="for-a11y">건</span></span><span class="box__score-buycnt"><span class="text text__buy">구매</span><span class="text text__num">1,793</span><span class="for-a11y">건</span></span></span><span class="box__itemcard-benefit-tag"><span class="box__tag box__tag-coupon"><span class="sprite__smilefresh--before box__inner">15% 쿠폰</span></span></span></a><button type="button" class="sprite__smilefresh--after button__favorite-item" aria-describedby="itemCard_title_2519122205" aria-pressed="false" aria-label="관심상품 등록하기"></button></div></div></div></div></li><li class="list-item"><div class="box__itemcard-container"><div class="box__itemcard-body"><div class="box__itemcard-inner"><span class="box__thumbnail__label">37</span><a class="link__itemcard" href="https://item.gmarket.co.kr/Item?goodscode=2518574508" tabindex="-1" aria-hidden="true"><span class="box__itemcard-img"><img class="image__itemcard no-js-400?ver=1725092767" src="data:image/gif;base64,R0lGODlhAQABAIAAAP///wAAACH5BAEAAAAALAAAAAABAAEAAAICRAEAOw==" alt="다담 된장찌개 양념500g - 상품 이미지"/><noscript><style>.no-js-400?ver=1725092767 { display: none !important; }</style><img class="image__itemcard" src="https://gdimg.gmarket.co.kr/2518574508/still/400?ver=1725092767" alt="다담 된장찌개 양념500g - 상품 이미지"/></noscript></span></a><div class="box__itemcard-info"><div class="box__element-info"><div class="element-info-qty"><button aria-describedby="itemCard_title_2518574508" class="sprite__smilefresh--before element-info-qty-minus" aria-disabled="true"><span class="for-a11y">상품 수 <!-- -->1<!-- --> 감소</span></button><span class="element-info-item-qty" aria-describedby="itemCard_title_2518574508"><span class="for-a11y">선택된 수량</span> <!-- -->1</span><button aria-describedby="itemCard_title_2518574508" class="sprite__smilefresh--before element-info-qty-plus"><span class="for-a11y">상품 수 <!-- -->1<!-- --> 증가</span></button></div><button type="button" class="sprite__smilefresh--before element-info-cart" aria-describedby="itemCard_title_2518574508"><span class="for-a11y">장바구니 담기</span></button></div><a href="https://item.gmarket.co.kr/Item?goodscode=2518574508" class="link__itemcard-info"><span class="box__itemcard-title-area" id="itemCard_title_2518574508"><span class="text__brand"><span class="text">백설</span></span><span class="text__title" id="item_title">다담 된장찌개 양념500g</span></span><span class="box__itemcard-price-area"><span class="box__price-seller"><span class="for-a11y">판매가</span><strong class="text__price-seller">6,980</strong><span class="text__unit">원</span></span><span class="box__prime-cost"><span class="for-a11y">원가</span><span class="text__unit-cost">(<!-- -->100g당 1,396원<!-- -->)</span></span></span><span class="box__itemcard-info-score"><span class="sprite__smilefresh--before box__score-awards"><span class="for-a11y">평점</span><span class="text text__score">4.8</span><span class="for-a11y">후기</span><span class="text text__num">(5,561)</span><span class="for-a11y">건</span></span><span class="box__score-buycnt"><span class="text text__buy">구매</span><span class="text text__num">24,225</span><span class="for-a11y">건</span></span></span><span class="box__itemcard-benefit-tag"><span class="box__tag box__tag-coupon"><span class="sprite__smilefresh--before box__inner">15% 쿠폰</span></span></span></a><button type="button" class="sprite__smilefresh--after button__favorite-item" aria-describedby="itemCard_title_2518574508" aria-pressed="false" aria-label="관심상품 등록하기"></button></div></div></div></div></li><li class="list-item"><div class="box__itemcard-container"><div class="box__itemcard-body"><div class="box__itemcard-inner"><span class="box__thumbnail__label">38</span><a class="link__itemcard" href="https://item.gmarket.co.kr/Item?goodscode=2518968924" tabindex="-1" aria-hidden="true"><span class="box__itemcard-img"><img class="image__itemcard no-js-400?ver=1725114095" src="data:image/gif;base64,R0lGODlhAQABAIAAAP///wAAACH5BAEAAAAALAAAAAABAAEAAAICRAEAOw==" alt="고창태양초고춧가루1kg - 상품 이미지"/><noscript><style>.no-js-400?ver=1725114095 { display: none !important; }</style><img class="image__itemcard" src="https://gdimg.gmarket.co.kr/2518968924/still/400?ver=1725114095" alt="고창태양초고춧가루1kg - 상품 이미지"/></noscript></span></a><div class="box__itemcard-info"><div class="box__element-info"><div class="element-info-qty"><button aria-describedby="itemCard_title_2518968924" class="sprite__smilefresh--before element-info-qty-minus" aria-disabled="true"><span class="for-a11y">상품 수 <!-- -->1<!-- --> 감소</span></button><span class="element-info-item-qty" aria-describedby="itemCard_title_2518968924"><span class="for-a11y">선택된 수량</span> <!-- -->1</span><button aria-describedby="itemCard_title_2518968924" class="sprite__smilefresh--before element-info-qty-plus"><span class="for-a11y">상품 수 <!-- -->1<!-- --> 증가</span></button></div><button type="button" class="sprite__smilefresh--before element-info-cart" aria-describedby="itemCard_title_2518968924"><span class="for-a11y">장바구니 담기</span></button></div><a href="https://item.gmarket.co.kr/Item?goodscode=2518968924" class="link__itemcard-info"><span class="box__itemcard-title-area" id="itemCard_title_2518968924"><span class="text__title" id="item_title">고창태양초고춧가루1kg</span></span><span class="box__itemcard-price-area"><span class="box__price-seller"><span class="for-a11y">판매가</span><strong class="text__price-seller">35,880</strong><span class="text__unit">원</span></span></span><span class="box__itemcard-info-score"><span class="sprite__smilefresh--before box__score-awards"><span class="for-a11y">평점</span><span class="text text__score">4.8</span><span class="for-a11y">후기</span><span class="text text__num">(251)</span><span class="for-a11y">건</span></span><span class="box__score-buycnt"><span class="text text__buy">구매</span><span class="text text__num">560</span><span class="for-a11y">건</span></span></span><span class="box__itemcard-benefit-tag"><span class="box__tag box__tag-coupon"><span class="sprite__smilefresh--before box__inner">15% 쿠폰</span></span></span></a><button type="button" class="sprite__smilefresh--after button__favorite-item" aria-describedby="itemCard_title_2518968924" aria-pressed="false" aria-label="관심상품 등록하기"></button></div></div></div></div></li><li class="list-item"><div class="box__itemcard-container"><div class="box__itemcard-body"><div class="box__itemcard-inner"><span class="box__thumbnail__label">39</span><a class="link__itemcard" href="https://item.gmarket.co.kr/Item?goodscode=2518510379" tabindex="-1" aria-hidden="true"><span class="box__itemcard-img"><img class="image__itemcard no-js-400?ver=1725088019" src="data:image/gif;base64,R0lGODlhAQABAIAAAP///wAAACH5BAEAAAAALAAAAAABAAEAAAICRAEAOw==" alt="오뚜기 파스타소스(미트) 600g - 상품 이미지"/><noscript><style>.no-js-400?ver=1725088019 { display: none !important; }</style><img class="image__itemcard" src="https://gdimg.gmarket.co.kr/2518510379/still/400?ver=1725088019" alt="오뚜기 파스타소스(미트) 600g - 상품 이미지"/></noscript></span></a><div class="box__itemcard-info"><div class="box__element-info"><div class="element-info-qty"><button aria-describedby="itemCard_title_2518510379" class="sprite__smilefresh--before element-info-qty-minus" aria-disabled="true"><span class="for-a11y">상품 수 <!-- -->1<!-- --> 감소</span></button><span class="element-info-item-qty" aria-describedby="itemCard_title_2518510379"><span class="for-a11y">선택된 수량</span> <!-- -->1</span><button aria-describedby="itemCard_title_2518510379" class="sprite__smilefresh--before element-info-qty-plus"><span class="for-a11y">상품 수 <!-- -->1<!-- --> 증가</span></button></div><button type="button" class="sprite__smilefresh--before element-info-cart" aria-describedby="itemCard_title_2518510379"><span class="for-a11y">장바구니 담기</span></button></div><a href="https://item.gmarket.co.kr/Item?goodscode=2518510379" class="link__itemcard-info"><span class="box__itemcard-title-area" id="itemCard_title_2518510379"><span class="text__brand"><span class="text">오뚜기</span></span><span class="text__title" id="item_title">오뚜기 파스타소스(미트) 600g</span></span><span class="box__itemcard-price-area"><span class="box__price-seller"><span class="for-a11y">판매가</span><strong class="text__price-seller">4,980</strong><span class="text__unit">원</span></span><span class="box__prime-cost"><span class="for-a11y">원가</span><strong class="text__dc-rate">16<!-- -->%</strong><span class="text__prime-cost">5,980<span class="text__unit">원</span></span><span class="text__unit-cost">(<!-- -->100g당 830원<!-- -->)</span></span></span><span class="box__itemcard-info-score"><span class="sprite__smilefresh--before box__score-awards"><span class="for-a11y">평점</span><span class="text text__score">4.8</span><span class="for-a11y">후기</span><span class="text text__num">(1,197)</span><span class="for-a11y">건</span></span><span class="box__score-buycnt"><span class="text text__buy">구매</span><span class="text text__num">5,121</span><span class="for-a11y">건</span></span></span><span class="box__itemcard-benefit-tag"><span class="box__tag box__tag-coupon"><span class="sprite__smilefresh--before box__inner">15% 쿠폰</span></span></span></a><button type="button" class="sprite__smilefresh--after button__favorite-item" aria-describedby="itemCard_title_2518510379" aria-pressed="false" aria-label="관심상품 등록하기"></button></div></div></div></div></li><li class="list-item"><div class="box__itemcard-container"><div class="box__itemcard-body"><div class="box__itemcard-inner"><span class="box__thumbnail__label">40</span><a class="link__itemcard" href="https://item.gmarket.co.kr/Item?goodscode=2522458488" tabindex="-1" aria-hidden="true"><span class="box__itemcard-img"><img class="image__itemcard no-js-400?ver=1725102600" src="data:image/gif;base64,R0lGODlhAQABAIAAAP///wAAACH5BAEAAAAALAAAAAABAAEAAAICRAEAOw==" alt="소비기한 : 24년12월Coosur 카놀라오일1L - 상품 이미지"/><noscript><style>.no-js-400?ver=1725102600 { display: none !important; }</style><img class="image__itemcard" src="https://gdimg.gmarket.co.kr/2522458488/still/400?ver=1725102600" alt="소비기한 : 24년12월Coosur 카놀라오일1L - 상품 이미지"/></noscript></span></a><div class="box__itemcard-info"><div class="box__element-info"><div class="element-info-qty"><button aria-describedby="itemCard_title_2522458488" class="sprite__smilefresh--before element-info-qty-minus" aria-disabled="true"><span class="for-a11y">상품 수 <!-- -->1<!-- --> 감소</span></button><span class="element-info-item-qty" aria-describedby="itemCard_title_2522458488"><span class="for-a11y">선택된 수량</span> <!-- -->1</span><button aria-describedby="itemCard_title_2522458488" class="sprite__smilefresh--before element-info-qty-plus"><span class="for-a11y">상품 수 <!-- -->1<!-- --> 증가</span></button></div><button type="button" class="sprite__smilefresh--before element-info-cart" aria-describedby="itemCard_title_2522458488"><span class="for-a11y">장바구니 담기</span></button></div><a href="https://item.gmarket.co.kr/Item?goodscode=2522458488" class="link__itemcard-info"><span class="box__itemcard-title-area" id="itemCard_title_2522458488"><span class="text__brand"><span class="text">이마트</span></span><span class="text__title" id="item_title">소비기한 : 24년12월Coosur 카놀라오일1L</span></span><span class="box__itemcard-price-area"><span class="box__price-seller"><span class="for-a11y">판매가</span><strong class="text__price-seller">2,100</strong><span class="text__unit">원</span></span><span class="box__prime-cost"><span class="for-a11y">원가</span><strong class="text__dc-rate">42<!-- -->%</strong><span class="text__prime-cost">3,680<span class="text__unit">원</span></span><span class="text__unit-cost">(<!-- -->100mL당 210원<!-- -->)</span></span></span><span class="box__itemcard-info-score"><span class="sprite__smilefresh--before box__score-awards"><span class="for-a11y">평점</span><span class="text text__score">4.7</span><span class="for-a11y">후기</span><span class="text text__num">(395)</span><span class="for-a11y">건</span></span><span class="box__score-buycnt"><span class="text text__buy">구매</span><span class="text text__num">1,944</span><span class="for-a11y">건</span></span></span><span class="box__itemcard-benefit-tag"><span class="box__tag box__tag-coupon"><span class="sprite__smilefresh--before box__inner">15% 쿠폰</span></span></span></a><button type="button" class="sprite__smilefresh--after button__favorite-item" aria-describedby="itemCard_title_2522458488" aria-pressed="false" aria-label="관심상품 등록하기"></button></div></div></div></div></li><li class="list-item"><div class="box__itemcard-container"><div class="box__itemcard-body"><div class="box__itemcard-inner"><span class="box__thumbnail__label">41</span><a class="link__itemcard" href="https://item.gmarket.co.kr/Item?goodscode=2522858434" tabindex="-1" aria-hidden="true"><span class="box__itemcard-img"><img class="image__itemcard no-js-400?ver=1725576499" src="data:image/gif;base64,R0lGODlhAQABAIAAAP///wAAACH5BAEAAAAALAAAAAABAAEAAAICRAEAOw==" alt="노브랜드 생와사비 43g - 상품 이미지"/><noscript><style>.no-js-400?ver=1725576499 { display: none !important; }</style><img class="image__itemcard" src="https://gdimg.gmarket.co.kr/2522858434/still/400?ver=1725576499" alt="노브랜드 생와사비 43g - 상품 이미지"/></noscript></span></a><div class="box__itemcard-info"><div class="box__element-info"><div class="element-info-qty"><button aria-describedby="itemCard_title_2522858434" class="sprite__smilefresh--before element-info-qty-minus" aria-disabled="true"><span class="for-a11y">상품 수 <!-- -->1<!-- --> 감소</span></button><span class="element-info-item-qty" aria-describedby="itemCard_title_2522858434"><span class="for-a11y">선택된 수량</span> <!-- -->1</span><button aria-describedby="itemCard_title_2522858434" class="sprite__smilefresh--before element-info-qty-plus"><span class="for-a11y">상품 수 <!-- -->1<!-- --> 증가</span></button></div><button type="button" class="sprite__smilefresh--before element-info-cart" aria-describedby="itemCard_title_2522858434"><span class="for-a11y">장바구니 담기</span></button></div><a href="https://item.gmarket.co.kr/Item?goodscode=2522858434" class="link__itemcard-info"><span class="box__itemcard-title-area" id="itemCard_title_2522858434"><span class="text__brand"><span class="text">노브랜드</span></span><span class="text__title" id="item_title">노브랜드 생와사비 43g</span></span><span class="box__itemcard-price-area"><span class="box__price-seller"><span class="for-a11y">판매가</span><strong class="text__price-seller">1,980</strong><span class="text__unit">원</span></span><span class="box__prime-cost"><span class="for-a11y">원가</span><span class="text__unit-cost">(<!-- -->10g당 460원<!-- -->)</span></span></span><span class="box__itemcard-info-score"><span class="sprite__smilefresh--before box__score-awards"><span class="for-a11y">평점</span><span class="text text__score">4.8</span><span class="for-a11y">후기</span><span class="text text__num">(1,603)</span><span class="for-a11y">건</span></span><span class="box__score-buycnt"><span class="text text__buy">구매</span><span class="text text__num">4,709</span><span class="for-a11y">건</span></span></span></a><button type="button" class="sprite__smilefresh--after button__favorite-item" aria-describedby="itemCard_title_2522858434" aria-pressed="false" aria-label="관심상품 등록하기"></button></div></div></div></div></li><li class="list-item"><div class="box__itemcard-container"><div class="box__itemcard-body"><div class="box__itemcard-inner"><span class="box__thumbnail__label">42</span><a class="link__itemcard" href="https://item.gmarket.co.kr/Item?goodscode=2519452613" tabindex="-1" aria-hidden="true"><span class="box__itemcard-img"><img class="image__itemcard no-js-400?ver=1725124715" src="data:image/gif;base64,R0lGODlhAQABAIAAAP///wAAACH5BAEAAAAALAAAAAABAAEAAAICRAEAOw==" alt="노브랜드 순후추 100g - 상품 이미지"/><noscript><style>.no-js-400?ver=1725124715 { display: none !important; }</style><img class="image__itemcard" src="https://gdimg.gmarket.co.kr/2519452613/still/400?ver=1725124715" alt="노브랜드 순후추 100g - 상품 이미지"/></noscript></span></a><div class="box__itemcard-info"><div class="box__element-info"><div class="element-info-qty"><button aria-describedby="itemCard_title_2519452613" class="sprite__smilefresh--before element-info-qty-minus" aria-disabled="true"><span class="for-a11y">상품 수 <!-- -->1<!-- --> 감소</span></button><span class="element-info-item-qty" aria-describedby="itemCard_title_2519452613"><span class="for-a11y">선택된 수량</span> <!-- -->1</span><button aria-describedby="itemCard_title_2519452613" class="sprite__smilefresh--before element-info-qty-plus"><span class="for-a11y">상품 수 <!-- -->1<!-- --> 증가</span></button></div><button type="button" class="sprite__smilefresh--before element-info-cart" aria-describedby="itemCard_title_2519452613"><span class="for-a11y">장바구니 담기</span></button></div><a href="https://item.gmarket.co.kr/Item?goodscode=2519452613" class="link__itemcard-info"><span class="box__itemcard-title-area" id="itemCard_title_2519452613"><span class="text__brand"><span class="text">노브랜드</span></span><span class="text__title" id="item_title">노브랜드 순후추 100g</span></span><span class="box__itemcard-price-area"><span class="box__price-seller"><span class="for-a11y">판매가</span><strong class="text__price-seller">3,680</strong><span class="text__unit">원</span></span><span class="box__prime-cost"><span class="for-a11y">원가</span><span class="text__unit-cost">(<!-- -->10g당 368원<!-- -->)</span></span></span><span class="box__itemcard-info-score"><span class="sprite__smilefresh--before box__score-awards"><span class="for-a11y">평점</span><span class="text text__score">4.8</span><span class="for-a11y">후기</span><span class="text text__num">(2,429)</span><span class="for-a11y">건</span></span><span class="box__score-buycnt"><span class="text text__buy">구매</span><span class="text text__num">5,203</span><span class="for-a11y">건</span></span></span></a><button type="button" class="sprite__smilefresh--after button__favorite-item" aria-describedby="itemCard_title_2519452613" aria-pressed="false" aria-label="관심상품 등록하기"></button></div></div></div></div></li><li class="list-item"><div class="box__itemcard-container"><div class="box__itemcard-body"><div class="box__itemcard-inner"><span class="box__thumbnail__label">43</span><a class="link__itemcard" href="https://item.gmarket.co.kr/Item?goodscode=2522746747" tabindex="-1" aria-hidden="true"><span class="box__itemcard-img"><img class="image__itemcard no-js-400?ver=1725105468" src="data:image/gif;base64,R0lGODlhAQABAIAAAP///wAAACH5BAEAAAAALAAAAAABAAEAAAICRAEAOw==" alt="노브랜드 카놀라유 1L - 상품 이미지"/><noscript><style>.no-js-400?ver=1725105468 { display: none !important; }</style><img class="image__itemcard" src="https://gdimg.gmarket.co.kr/2522746747/still/400?ver=1725105468" alt="노브랜드 카놀라유 1L - 상품 이미지"/></noscript></span></a><div class="box__itemcard-info"><div class="box__element-info"><div class="element-info-qty"><button aria-describedby="itemCard_title_2522746747" class="sprite__smilefresh--before element-info-qty-minus" aria-disabled="true"><span class="for-a11y">상품 수 <!-- -->1<!-- --> 감소</span></button><span class="element-info-item-qty" aria-describedby="itemCard_title_2522746747"><span class="for-a11y">선택된 수량</span> <!-- -->1</span><button aria-describedby="itemCard_title_2522746747" class="sprite__smilefresh--before element-info-qty-plus"><span class="for-a11y">상품 수 <!-- -->1<!-- --> 증가</span></button></div><button type="button" class="sprite__smilefresh--before element-info-cart" aria-describedby="itemCard_title_2522746747"><span class="for-a11y">장바구니 담기</span></button></div><a href="https://item.gmarket.co.kr/Item?goodscode=2522746747" class="link__itemcard-info"><span class="box__itemcard-title-area" id="itemCard_title_2522746747"><span class="text__brand"><span class="text">노브랜드</span></span><span class="text__title" id="item_title">노브랜드 카놀라유 1L</span></span><span class="box__itemcard-price-area"><span class="box__price-seller"><span class="for-a11y">판매가</span><strong class="text__price-seller">4,480</strong><span class="text__unit">원</span></span><span class="box__prime-cost"><span class="for-a11y">원가</span><span class="text__unit-cost">(<!-- -->100mL당 448원<!-- -->)</span></span></span><span class="box__itemcard-info-score"><span class="sprite__smilefresh--before box__score-awards"><span class="for-a11y">평점</span><span class="text text__score">4.8</span><span class="for-a11y">후기</span><span class="text text__num">(2,566)</span><span class="for-a11y">건</span></span><span class="box__score-buycnt"><span class="text text__buy">구매</span><span class="text text__num">8,784</span><span class="for-a11y">건</span></span></span></a><button type="button" class="sprite__smilefresh--after button__favorite-item" aria-describedby="itemCard_title_2522746747" aria-pressed="false" aria-label="관심상품 등록하기"></button></div></div></div></div></li><li class="list-item"><div class="box__itemcard-container"><div class="box__itemcard-body"><div class="box__itemcard-inner"><span class="box__thumbnail__label">44</span><a class="link__itemcard" href="https://item.gmarket.co.kr/Item?goodscode=2523610486" tabindex="-1" aria-hidden="true"><span class="box__itemcard-img"><img class="image__itemcard no-js-400?ver=1725102555" src="data:image/gif;base64,R0lGODlhAQABAIAAAP///wAAACH5BAEAAAAALAAAAAABAAEAAAICRAEAOw==" alt="노브랜드 감자맛전분99.9 350g - 상품 이미지"/><noscript><style>.no-js-400?ver=1725102555 { display: none !important; }</style><img class="image__itemcard" src="https://gdimg.gmarket.co.kr/2523610486/still/400?ver=1725102555" alt="노브랜드 감자맛전분99.9 350g - 상품 이미지"/></noscript></span></a><div class="box__itemcard-info"><div class="box__element-info"><div class="element-info-qty"><button aria-describedby="itemCard_title_2523610486" class="sprite__smilefresh--before element-info-qty-minus" aria-disabled="true"><span class="for-a11y">상품 수 <!-- -->1<!-- --> 감소</span></button><span class="element-info-item-qty" aria-describedby="itemCard_title_2523610486"><span class="for-a11y">선택된 수량</span> <!-- -->1</span><button aria-describedby="itemCard_title_2523610486" class="sprite__smilefresh--before element-info-qty-plus"><span class="for-a11y">상품 수 <!-- -->1<!-- --> 증가</span></button></div><button type="button" class="sprite__smilefresh--before element-info-cart" aria-describedby="itemCard_title_2523610486"><span class="for-a11y">장바구니 담기</span></button></div><a href="https://item.gmarket.co.kr/Item?goodscode=2523610486" class="link__itemcard-info"><span class="box__itemcard-title-area" id="itemCard_title_2523610486"><span class="text__title" id="item_title">노브랜드 감자맛전분99.9 350g</span></span><span class="box__itemcard-price-area"><span class="box__price-seller"><span class="for-a11y">판매가</span><strong class="text__price-seller">2,580</strong><span class="text__unit">원</span></span></span><span class="box__itemcard-info-score"><span class="sprite__smilefresh--before box__score-awards"><span class="for-a11y">평점</span><span class="text text__score">4.7</span><span class="for-a11y">후기</span><span class="text text__num">(2,485)</span><span class="for-a11y">건</span></span><span class="box__score-buycnt"><span class="text text__buy">구매</span><span class="text text__num">6,203</span><span class="for-a11y">건</span></span></span></a><button type="button" class="sprite__smilefresh--after button__favorite-item" aria-describedby="itemCard_title_2523610486" aria-pressed="false" aria-label="관심상품 등록하기"></button></div></div></div></div></li><li class="list-item"><div class="box__itemcard-container"><div class="box__itemcard-body"><div class="box__itemcard-inner"><span class="box__thumbnail__label">45</span><a class="link__itemcard" href="https://item.gmarket.co.kr/Item?goodscode=2518504610" tabindex="-1" aria-hidden="true"><span class="box__itemcard-img"><img class="image__itemcard no-js-400?ver=1725088399" src="data:image/gif;base64,R0lGODlhAQABAIAAAP///wAAACH5BAEAAAAALAAAAAABAAEAAAICRAEAOw==" alt="CJ백설 올리고당 1.2kg - 상품 이미지"/><noscript><style>.no-js-400?ver=1725088399 { display: none !important; }</style><img class="image__itemcard" src="https://gdimg.gmarket.co.kr/2518504610/still/400?ver=1725088399" alt="CJ백설 올리고당 1.2kg - 상품 이미지"/></noscript></span></a><div class="box__itemcard-info"><div class="box__element-info"><div class="element-info-qty"><button aria-describedby="itemCard_title_2518504610" class="sprite__smilefresh--before element-info-qty-minus" aria-disabled="true"><span class="for-a11y">상품 수 <!-- -->1<!-- --> 감소</span></button><span class="element-info-item-qty" aria-describedby="itemCard_title_2518504610"><span class="for-a11y">선택된 수량</span> <!-- -->1</span><button aria-describedby="itemCard_title_2518504610" class="sprite__smilefresh--before element-info-qty-plus"><span class="for-a11y">상품 수 <!-- -->1<!-- --> 증가</span></button></div><button type="button" class="sprite__smilefresh--before element-info-cart" aria-describedby="itemCard_title_2518504610"><span class="for-a11y">장바구니 담기</span></button></div><a href="https://item.gmarket.co.kr/Item?goodscode=2518504610" class="link__itemcard-info"><span class="box__itemcard-title-area" id="itemCard_title_2518504610"><span class="text__brand"><span class="text">백설</span></span><span class="text__title" id="item_title">CJ백설 올리고당 1.2kg</span></span><span class="box__itemcard-price-area"><span class="box__price-seller"><span class="for-a11y">판매가</span><strong class="text__price-seller">4,880</strong><span class="text__unit">원</span></span></span><span class="box__itemcard-info-score"><span class="sprite__smilefresh--before box__score-awards"><span class="for-a11y">평점</span><span class="text text__score">4.8</span><span class="for-a11y">후기</span><span class="text text__num">(857)</span><span class="for-a11y">건</span></span><span class="box__score-buycnt"><span class="text text__buy">구매</span><span class="text text__num">2,921</span><span class="for-a11y">건</span></span></span><span class="box__itemcard-benefit-tag"><span class="box__tag box__tag-coupon"><span class="sprite__smilefresh--before box__inner">15% 쿠폰</span></span></span></a><button type="button" class="sprite__smilefresh--after button__favorite-item" aria-describedby="itemCard_title_2518504610" aria-pressed="false" aria-label="관심상품 등록하기"></button></div></div></div></div></li><li class="list-item"><div class="box__itemcard-container"><div class="box__itemcard-body"><div class="box__itemcard-inner"><span class="box__thumbnail__label">46</span><a class="link__itemcard" href="https://item.gmarket.co.kr/Item?goodscode=2859245907" tabindex="-1" aria-hidden="true"><span class="box__itemcard-img"><img class="image__itemcard no-js-400?ver=1725129757" src="data:image/gif;base64,R0lGODlhAQABAIAAAP///wAAACH5BAEAAAAALAAAAAABAAEAAAICRAEAOw==" alt="노브랜드 야채더한 국간장 900ml - 상품 이미지"/><noscript><style>.no-js-400?ver=1725129757 { display: none !important; }</style><img class="image__itemcard" src="https://gdimg.gmarket.co.kr/2859245907/still/400?ver=1725129757" alt="노브랜드 야채더한 국간장 900ml - 상품 이미지"/></noscript></span></a><div class="box__itemcard-info"><div class="box__element-info"><div class="element-info-qty"><button aria-describedby="itemCard_title_2859245907" class="sprite__smilefresh--before element-info-qty-minus" aria-disabled="true"><span class="for-a11y">상품 수 <!-- -->1<!-- --> 감소</span></button><span class="element-info-item-qty" aria-describedby="itemCard_title_2859245907"><span class="for-a11y">선택된 수량</span> <!-- -->1</span><button aria-describedby="itemCard_title_2859245907" class="sprite__smilefresh--before element-info-qty-plus"><span class="for-a11y">상품 수 <!-- -->1<!-- --> 증가</span></button></div><button type="button" class="sprite__smilefresh--before element-info-cart" aria-describedby="itemCard_title_2859245907"><span class="for-a11y">장바구니 담기</span></button></div><a href="https://item.gmarket.co.kr/Item?goodscode=2859245907" class="link__itemcard-info"><span class="box__itemcard-title-area" id="itemCard_title_2859245907"><span class="text__brand"><span class="text">노브랜드</span></span><span class="text__title" id="item_title">노브랜드 야채더한 국간장 900ml</span></span><span class="box__itemcard-price-area"><span class="box__price-seller"><span class="for-a11y">판매가</span><strong class="text__price-seller">2,580</strong><span class="text__unit">원</span></span><span class="box__prime-cost"><span class="for-a11y">원가</span><span class="text__unit-cost">(<!-- -->100mL당 287원<!-- -->)</span></span></span><span class="box__itemcard-info-score"><span class="sprite__smilefresh--before box__score-awards"><span class="for-a11y">평점</span><span class="text text__score">4.7</span><span class="for-a11y">후기</span><span class="text text__num">(948)</span><span class="for-a11y">건</span></span><span class="box__score-buycnt"><span class="text text__buy">구매</span><span class="text text__num">1,763</span><span class="for-a11y">건</span></span></span></a><button type="button" class="sprite__smilefresh--after button__favorite-item" aria-describedby="itemCard_title_2859245907" aria-pressed="false" aria-label="관심상품 등록하기"></button></div></div></div></div></li><li class="list-item"><div class="box__itemcard-container"><div class="box__itemcard-body"><div class="box__itemcard-inner"><span class="box__thumbnail__label">47</span><a class="link__itemcard" href="https://item.gmarket.co.kr/Item?goodscode=4069784343" tabindex="-1" aria-hidden="true"><span class="box__itemcard-img"><img class="image__itemcard no-js-400?ver=1725141087" src="data:image/gif;base64,R0lGODlhAQABAIAAAP///wAAACH5BAEAAAAALAAAAAABAAEAAAICRAEAOw==" alt="노브랜드현미유1L - 상품 이미지"/><noscript><style>.no-js-400?ver=1725141087 { display: none !important; }</style><img class="image__itemcard" src="https://gdimg.gmarket.co.kr/4069784343/still/400?ver=1725141087" alt="노브랜드현미유1L - 상품 이미지"/></noscript></span></a><div class="box__itemcard-info"><div class="box__element-info"><div class="element-info-qty"><button aria-describedby="itemCard_title_4069784343" class="sprite__smilefresh--before element-info-qty-minus" aria-disabled="true"><span class="for-a11y">상품 수 <!-- -->1<!-- --> 감소</span></button><span class="element-info-item-qty" aria-describedby="itemCard_title_4069784343"><span class="for-a11y">선택된 수량</span> <!-- -->1</span><button aria-describedby="itemCard_title_4069784343" class="sprite__smilefresh--before element-info-qty-plus"><span class="for-a11y">상품 수 <!-- -->1<!-- --> 증가</span></button></div><button type="button" class="sprite__smilefresh--before element-info-cart" aria-describedby="itemCard_title_4069784343"><span class="for-a11y">장바구니 담기</span></button></div><a href="https://item.gmarket.co.kr/Item?goodscode=4069784343" class="link__itemcard-info"><span class="box__itemcard-title-area" id="itemCard_title_4069784343"><span class="text__title" id="item_title">노브랜드현미유1L</span></span><span class="box__itemcard-price-area"><span class="box__price-seller"><span class="for-a11y">판매가</span><strong class="text__price-seller">5,980</strong><span class="text__unit">원</span></span></span><span class="box__itemcard-info-score"><span class="sprite__smilefresh--before box__score-awards"><span class="for-a11y">평점</span><span class="text text__score">4.9</span><span class="for-a11y">후기</span><span class="text text__num">(59)</span><span class="for-a11y">건</span></span><span class="box__score-buycnt"><span class="text text__buy">구매</span><span class="text text__num">245</span><span class="for-a11y">건</span></span></span><span class="box__itemcard-benefit-tag"><span class="box__tag box__tag-coupon"><span class="sprite__smilefresh--before box__inner">15% 쿠폰</span></span></span></a><button type="button" class="sprite__smilefresh--after button__favorite-item" aria-describedby="itemCard_title_4069784343" aria-pressed="false" aria-label="관심상품 등록하기"></button></div></div></div></div></li><li class="list-item"><div class="box__itemcard-container"><div class="box__itemcard-body"><div class="box__itemcard-inner"><span class="box__thumbnail__label">48</span><a class="link__itemcard" href="https://item.gmarket.co.kr/Item?goodscode=2518731526" tabindex="-1" aria-hidden="true"><span class="box__itemcard-img"><img class="image__itemcard no-js-400?ver=1725091667" src="data:image/gif;base64,R0lGODlhAQABAIAAAP///wAAACH5BAEAAAAALAAAAAABAAEAAAICRAEAOw==" alt="데체코 올리브오일 1L - 상품 이미지"/><noscript><style>.no-js-400?ver=1725091667 { display: none !important; }</style><img class="image__itemcard" src="https://gdimg.gmarket.co.kr/2518731526/still/400?ver=1725091667" alt="데체코 올리브오일 1L - 상품 이미지"/></noscript></span></a><div class="box__itemcard-info"><div class="box__element-info"><div class="element-info-qty"><button aria-describedby="itemCard_title_2518731526" class="sprite__smilefresh--before element-info-qty-minus" aria-disabled="true"><span class="for-a11y">상품 수 <!-- -->1<!-- --> 감소</span></button><span class="element-info-item-qty" aria-describedby="itemCard_title_2518731526"><span class="for-a11y">선택된 수량</span> <!-- -->1</span><button aria-describedby="itemCard_title_2518731526" class="sprite__smilefresh--before element-info-qty-plus"><span class="for-a11y">상품 수 <!-- -->1<!-- --> 증가</span></button></div><button type="button" class="sprite__smilefresh--before element-info-cart" aria-describedby="itemCard_title_2518731526"><span class="for-a11y">장바구니 담기</span></button></div><a href="https://item.gmarket.co.kr/Item?goodscode=2518731526" class="link__itemcard-info"><span class="box__itemcard-title-area" id="itemCard_title_2518731526"><span class="text__brand"><span class="text">데체코</span></span><span class="text__title" id="item_title">데체코 올리브오일 1L</span></span><span class="box__itemcard-price-area"><span class="box__price-seller"><span class="for-a11y">판매가</span><strong class="text__price-seller">33,580</strong><span class="text__unit">원</span></span><span class="box__prime-cost"><span class="for-a11y">원가</span><span class="text__unit-cost">(<!-- -->100mL당 3,358원<!-- -->)</span></span></span><span class="box__itemcard-info-score"><span class="sprite__smilefresh--before box__score-awards"><span class="for-a11y">평점</span><span class="text text__score">4.8</span><span class="for-a11y">후기</span><span class="text text__num">(193)</span><span class="for-a11y">건</span></span><span class="box__score-buycnt"><span class="text text__buy">구매</span><span class="text text__num">713</span><span class="for-a11y">건</span></span></span><span class="box__itemcard-benefit-tag"><span class="box__tag box__tag-coupon"><span class="sprite__smilefresh--before box__inner">15% 쿠폰</span></span></span></a><button type="button" class="sprite__smilefresh--after button__favorite-item" aria-describedby="itemCard_title_2518731526" aria-pressed="false" aria-label="관심상품 등록하기"></button></div></div></div></div></li><li class="list-item"><div class="box__itemcard-container"><div class="box__itemcard-body"><div class="box__itemcard-inner"><span class="box__thumbnail__label">49</span><a class="link__itemcard" href="https://item.gmarket.co.kr/Item?goodscode=2859245983" tabindex="-1" aria-hidden="true"><span class="box__itemcard-img"><img class="image__itemcard no-js-400?ver=1725130290" src="data:image/gif;base64,R0lGODlhAQABAIAAAP///wAAACH5BAEAAAAALAAAAAABAAEAAAICRAEAOw==" alt="노브랜드 다시마 더한 진간장 900ml - 상품 이미지"/><noscript><style>.no-js-400?ver=1725130290 { display: none !important; }</style><img class="image__itemcard" src="https://gdimg.gmarket.co.kr/2859245983/still/400?ver=1725130290" alt="노브랜드 다시마 더한 진간장 900ml - 상품 이미지"/></noscript></span></a><div class="box__itemcard-info"><div class="box__element-info"><div class="element-info-qty"><button aria-describedby="itemCard_title_2859245983" class="sprite__smilefresh--before element-info-qty-minus" aria-disabled="true"><span class="for-a11y">상품 수 <!-- -->1<!-- --> 감소</span></button><span class="element-info-item-qty" aria-describedby="itemCard_title_2859245983"><span class="for-a11y">선택된 수량</span> <!-- -->1</span><button aria-describedby="itemCard_title_2859245983" class="sprite__smilefresh--before element-info-qty-plus"><span class="for-a11y">상품 수 <!-- -->1<!-- --> 증가</span></button></div><button type="button" class="sprite__smilefresh--before element-info-cart" aria-describedby="itemCard_title_2859245983"><span class="for-a11y">장바구니 담기</span></button></div><a href="https://item.gmarket.co.kr/Item?goodscode=2859245983" class="link__itemcard-info"><span class="box__itemcard-title-area" id="itemCard_title_2859245983"><span class="text__brand"><span class="text">노브랜드</span></span><span class="text__title" id="item_title">노브랜드 다시마 더한 진간장 900ml</span></span><span class="box__itemcard-price-area"><span class="box__price-seller"><span class="for-a11y">판매가</span><strong class="text__price-seller">2,580</strong><span class="text__unit">원</span></span><span class="box__prime-cost"><span class="for-a11y">원가</span><span class="text__unit-cost">(<!-- -->100mL당 287원<!-- -->)</span></span></span><span class="box__itemcard-info-score"><span class="sprite__smilefresh--before box__score-awards"><span class="for-a11y">평점</span><span class="text text__score">4.8</span><span class="for-a11y">후기</span><span class="text text__num">(1,929)</span><span class="for-a11y">건</span></span><span class="box__score-buycnt"><span class="text text__buy">구매</span><span class="text text__num">3,969</span><span class="for-a11y">건</span></span></span></a><button type="button" class="sprite__smilefresh--after button__favorite-item" aria-describedby="itemCard_title_2859245983" aria-pressed="false" aria-label="관심상품 등록하기"></button></div></div></div></div></li><li class="list-item"><div class="box__itemcard-container"><div class="box__itemcard-body"><div class="box__itemcard-inner"><span class="box__thumbnail__label">50</span><a class="link__itemcard" href="https://item.gmarket.co.kr/Item?goodscode=2519062647" tabindex="-1" aria-hidden="true"><span class="box__itemcard-img"><img class="image__itemcard no-js-400?ver=1725092670" src="data:image/gif;base64,R0lGODlhAQABAIAAAP///wAAACH5BAEAAAAALAAAAAABAAEAAAICRAEAOw==" alt="백설  갈색설탕 (중백당) 1kg - 상품 이미지"/><noscript><style>.no-js-400?ver=1725092670 { display: none !important; }</style><img class="image__itemcard" src="https://gdimg.gmarket.co.kr/2519062647/still/400?ver=1725092670" alt="백설  갈색설탕 (중백당) 1kg - 상품 이미지"/></noscript></span></a><div class="box__itemcard-info"><div class="box__element-info"><div class="element-info-qty"><button aria-describedby="itemCard_title_2519062647" class="sprite__smilefresh--before element-info-qty-minus" aria-disabled="true"><span class="for-a11y">상품 수 <!-- -->1<!-- --> 감소</span></button><span class="element-info-item-qty" aria-describedby="itemCard_title_2519062647"><span class="for-a11y">선택된 수량</span> <!-- -->1</span><button aria-describedby="itemCard_title_2519062647" class="sprite__smilefresh--before element-info-qty-plus"><span class="for-a11y">상품 수 <!-- -->1<!-- --> 증가</span></button></div><button type="button" class="sprite__smilefresh--before element-info-cart" aria-describedby="itemCard_title_2519062647"><span class="for-a11y">장바구니 담기</span></button></div><a href="https://item.gmarket.co.kr/Item?goodscode=2519062647" class="link__itemcard-info"><span class="box__itemcard-title-area" id="itemCard_title_2519062647"><span class="text__brand"><span class="text">백설</span></span><span class="text__title" id="item_title">백설  갈색설탕 (중백당) 1kg</span></span><span class="box__itemcard-price-area"><span class="box__price-seller"><span class="for-a11y">판매가</span><strong class="text__price-seller">2,880</strong><span class="text__unit">원</span></span><span class="box__prime-cost"><span class="for-a11y">원가</span><span class="text__unit-cost">(<!-- -->100g당 288원<!-- -->)</span></span></span><span class="box__itemcard-info-score"><span class="sprite__smilefresh--before box__score-awards"><span class="for-a11y">평점</span><span class="text text__score">4.7</span><span class="for-a11y">후기</span><span class="text text__num">(1,780)</span><span class="for-a11y">건</span></span><span class="box__score-buycnt"><span class="text text__buy">구매</span><span class="text text__num">4,955</span><span class="for-a11y">건</span></span></span><span class="box__itemcard-benefit-tag"><span class="box__tag box__tag-coupon"><span class="sprite__smilefresh--before box__inner">15% 쿠폰</span></span></span></a><button type="button" class="sprite__smilefresh--after button__favorite-item" aria-describedby="itemCard_title_2519062647" aria-pressed="false" aria-label="관심상품 등록하기"></button></div></div></div></div></li><li class="list-item"><div class="box__itemcard-container"><div class="box__itemcard-body"><div class="box__itemcard-inner"><span class="box__thumbnail__label">51</span><a class="link__itemcard" href="https://item.gmarket.co.kr/Item?goodscode=3509920036" tabindex="-1" aria-hidden="true"><span class="box__itemcard-img"><img class="image__itemcard no-js-400?ver=1725135500" src="data:image/gif;base64,R0lGODlhAQABAIAAAP///wAAACH5BAEAAAAALAAAAAABAAEAAAICRAEAOw==" alt="CJ 해찬들 찹쌀태양초고추장 1.85kg - 상품 이미지"/><noscript><style>.no-js-400?ver=1725135500 { display: none !important; }</style><img class="image__itemcard" src="https://gdimg.gmarket.co.kr/3509920036/still/400?ver=1725135500" alt="CJ 해찬들 찹쌀태양초고추장 1.85kg - 상품 이미지"/></noscript></span></a><div class="box__itemcard-info"><div class="box__element-info"><div class="element-info-qty"><button aria-describedby="itemCard_title_3509920036" class="sprite__smilefresh--before element-info-qty-minus" aria-disabled="true"><span class="for-a11y">상품 수 <!-- -->1<!-- --> 감소</span></button><span class="element-info-item-qty" aria-describedby="itemCard_title_3509920036"><span class="for-a11y">선택된 수량</span> <!-- -->1</span><button aria-describedby="itemCard_title_3509920036" class="sprite__smilefresh--before element-info-qty-plus"><span class="for-a11y">상품 수 <!-- -->1<!-- --> 증가</span></button></div><button type="button" class="sprite__smilefresh--before element-info-cart" aria-describedby="itemCard_title_3509920036"><span class="for-a11y">장바구니 담기</span></button></div><a href="https://item.gmarket.co.kr/Item?goodscode=3509920036" class="link__itemcard-info"><span class="box__itemcard-title-area" id="itemCard_title_3509920036"><span class="text__brand"><span class="text">CJ제일제당</span></span><span class="text__title" id="item_title">CJ 해찬들 찹쌀태양초고추장 1.85kg</span></span><span class="box__itemcard-price-area"><span class="box__price-seller"><span class="for-a11y">판매가</span><strong class="text__price-seller">9,880</strong><span class="text__unit">원</span></span></span><span class="box__itemcard-info-score"><span class="sprite__smilefresh--before box__score-awards"><span class="for-a11y">평점</span><span class="text text__score">4.7</span><span class="for-a11y">후기</span><span class="text text__num">(412)</span><span class="for-a11y">건</span></span><span class="box__score-buycnt"><span class="text text__buy">구매</span><span class="text text__num">778</span><span class="for-a11y">건</span></span></span><span class="box__itemcard-benefit-tag"><span class="box__tag box__tag-coupon"><span class="sprite__smilefresh--before box__inner">15% 쿠폰</span></span></span></a><button type="button" class="sprite__smilefresh--after button__favorite-item" aria-describedby="itemCard_title_3509920036" aria-pressed="false" aria-label="관심상품 등록하기"></button></div></div></div></div></li><li class="list-item"><div class="box__itemcard-container"><div class="box__itemcard-body"><div class="box__itemcard-inner"><span class="box__thumbnail__label">52</span><a class="link__itemcard" href="https://item.gmarket.co.kr/Item?goodscode=2518442116" tabindex="-1" aria-hidden="true"><span class="box__itemcard-img"><img class="image__itemcard no-js-400?ver=1725088400" src="data:image/gif;base64,R0lGODlhAQABAIAAAP///wAAACH5BAEAAAAALAAAAAABAAEAAAICRAEAOw==" alt="청정원 고소한 마요네즈 800g - 상품 이미지"/><noscript><style>.no-js-400?ver=1725088400 { display: none !important; }</style><img class="image__itemcard" src="https://gdimg.gmarket.co.kr/2518442116/still/400?ver=1725088400" alt="청정원 고소한 마요네즈 800g - 상품 이미지"/></noscript></span></a><div class="box__itemcard-info"><div class="box__element-info"><div class="element-info-qty"><button aria-describedby="itemCard_title_2518442116" class="sprite__smilefresh--before element-info-qty-minus" aria-disabled="true"><span class="for-a11y">상품 수 <!-- -->1<!-- --> 감소</span></button><span class="element-info-item-qty" aria-describedby="itemCard_title_2518442116"><span class="for-a11y">선택된 수량</span> <!-- -->1</span><button aria-describedby="itemCard_title_2518442116" class="sprite__smilefresh--before element-info-qty-plus"><span class="for-a11y">상품 수 <!-- -->1<!-- --> 증가</span></button></div><button type="button" class="sprite__smilefresh--before element-info-cart" aria-describedby="itemCard_title_2518442116"><span class="for-a11y">장바구니 담기</span></button></div><a href="https://item.gmarket.co.kr/Item?goodscode=2518442116" class="link__itemcard-info"><span class="box__itemcard-title-area" id="itemCard_title_2518442116"><span class="text__brand"><span class="text">청정원</span></span><span class="text__title" id="item_title">청정원 고소한 마요네즈 800g</span></span><span class="box__itemcard-price-area"><span class="box__price-seller"><span class="for-a11y">판매가</span><strong class="text__price-seller">7,900</strong><span class="text__unit">원</span></span><span class="box__prime-cost"><span class="for-a11y">원가</span><span class="text__unit-cost">(<!-- -->100g당 988원<!-- -->)</span></span></span><span class="box__itemcard-info-score"><span class="sprite__smilefresh--before box__score-awards"><span class="for-a11y">평점</span><span class="text text__score">4.8</span><span class="for-a11y">후기</span><span class="text text__num">(1,116)</span><span class="for-a11y">건</span></span><span class="box__score-buycnt"><span class="text text__buy">구매</span><span class="text text__num">2,313</span><span class="for-a11y">건</span></span></span><span class="box__itemcard-benefit-tag"><span class="box__tag box__tag-coupon"><span class="sprite__smilefresh--before box__inner">15% 쿠폰</span></span></span></a><button type="button" class="sprite__smilefresh--after button__favorite-item" aria-describedby="itemCard_title_2518442116" aria-pressed="false" aria-label="관심상품 등록하기"></button></div></div></div></div></li><li class="list-item"><div class="box__itemcard-container"><div class="box__itemcard-body"><div class="box__itemcard-inner"><span class="box__thumbnail__label">53</span><a class="link__itemcard" href="https://item.gmarket.co.kr/Item?goodscode=2518496822" tabindex="-1" aria-hidden="true"><span class="box__itemcard-img"><img class="image__itemcard no-js-400?ver=1725092712" src="data:image/gif;base64,R0lGODlhAQABAIAAAP///wAAACH5BAEAAAAALAAAAAABAAEAAAICRAEAOw==" alt="백설  핫케익 믹스 1kg - 상품 이미지"/><noscript><style>.no-js-400?ver=1725092712 { display: none !important; }</style><img class="image__itemcard" src="https://gdimg.gmarket.co.kr/2518496822/still/400?ver=1725092712" alt="백설  핫케익 믹스 1kg - 상품 이미지"/></noscript></span></a><div class="box__itemcard-info"><div class="box__element-info"><div class="element-info-qty"><button aria-describedby="itemCard_title_2518496822" class="sprite__smilefresh--before element-info-qty-minus" aria-disabled="true"><span class="for-a11y">상품 수 <!-- -->1<!-- --> 감소</span></button><span class="element-info-item-qty" aria-describedby="itemCard_title_2518496822"><span class="for-a11y">선택된 수량</span> <!-- -->1</span><button aria-describedby="itemCard_title_2518496822" class="sprite__smilefresh--before element-info-qty-plus"><span class="for-a11y">상품 수 <!-- -->1<!-- --> 증가</span></button></div><button type="button" class="sprite__smilefresh--before element-info-cart" aria-describedby="itemCard_title_2518496822"><span class="for-a11y">장바구니 담기</span></button></div><a href="https://item.gmarket.co.kr/Item?goodscode=2518496822" class="link__itemcard-info"><span class="box__itemcard-title-area" id="itemCard_title_2518496822"><span class="text__brand"><span class="text">백설</span></span><span class="text__title" id="item_title">백설  핫케익 믹스 1kg</span></span><span class="box__itemcard-price-area"><span class="box__price-seller"><span class="for-a11y">판매가</span><strong class="text__price-seller">5,280</strong><span class="text__unit">원</span></span><span class="box__prime-cost"><span class="for-a11y">원가</span><span class="text__unit-cost">(<!-- -->100g당 528원<!-- -->)</span></span></span><span class="box__itemcard-info-score"><span class="sprite__smilefresh--before box__score-awards"><span class="for-a11y">평점</span><span class="text text__score">4.7</span><span class="for-a11y">후기</span><span class="text text__num">(594)</span><span class="for-a11y">건</span></span><span class="box__score-buycnt"><span class="text text__buy">구매</span><span class="text text__num">1,577</span><span class="for-a11y">건</span></span></span><span class="box__itemcard-benefit-tag"><span class="box__tag box__tag-coupon"><span class="sprite__smilefresh--before box__inner">15% 쿠폰</span></span></span></a><button type="button" class="sprite__smilefresh--after button__favorite-item" aria-describedby="itemCard_title_2518496822" aria-pressed="false" aria-label="관심상품 등록하기"></button></div></div></div></div></li><li class="list-item"><div class="box__itemcard-container"><div class="box__itemcard-body"><div class="box__itemcard-inner"><span class="box__thumbnail__label">54</span><a class="link__itemcard" href="https://item.gmarket.co.kr/Item?goodscode=2518609831" tabindex="-1" aria-hidden="true"><span class="box__itemcard-img"><img class="image__itemcard no-js-400?ver=1725237924" src="data:image/gif;base64,R0lGODlhAQABAIAAAP///wAAACH5BAEAAAAALAAAAAABAAEAAAICRAEAOw==" alt="풀무원 국산콩 생나또 기획 12입 594g - 상품 이미지"/><noscript><style>.no-js-400?ver=1725237924 { display: none !important; }</style><img class="image__itemcard" src="https://gdimg.gmarket.co.kr/2518609831/still/400?ver=1725237924" alt="풀무원 국산콩 생나또 기획 12입 594g - 상품 이미지"/></noscript></span></a><div class="box__itemcard-info"><div class="box__element-info"><div class="element-info-qty"><button aria-describedby="itemCard_title_2518609831" class="sprite__smilefresh--before element-info-qty-minus" aria-disabled="true"><span class="for-a11y">상품 수 <!-- -->1<!-- --> 감소</span></button><span class="element-info-item-qty" aria-describedby="itemCard_title_2518609831"><span class="for-a11y">선택된 수량</span> <!-- -->1</span><button aria-describedby="itemCard_title_2518609831" class="sprite__smilefresh--before element-info-qty-plus"><span class="for-a11y">상품 수 <!-- -->1<!-- --> 증가</span></button></div><button type="button" class="sprite__smilefresh--before element-info-cart" aria-describedby="itemCard_title_2518609831"><span class="for-a11y">장바구니 담기</span></button></div><a href="https://item.gmarket.co.kr/Item?goodscode=2518609831" class="link__itemcard-info"><span class="box__itemcard-title-area" id="itemCard_title_2518609831"><span class="text__brand"><span class="text">풀무원</span></span><span class="text__title" id="item_title">풀무원 국산콩 생나또 기획 12입 594g</span></span><span class="box__itemcard-price-area"><span class="box__price-seller"><span class="for-a11y">판매가</span><strong class="text__price-seller">14,980</strong><span class="text__unit">원</span></span><span class="box__prime-cost"><span class="for-a11y">원가</span><span class="text__unit-cost">(<!-- -->100g당 2,522원<!-- -->)</span></span></span><span class="box__itemcard-info-score"><span class="sprite__smilefresh--before box__score-awards"><span class="for-a11y">평점</span><span class="text text__score">4.7</span><span class="for-a11y">후기</span><span class="text text__num">(636)</span><span class="for-a11y">건</span></span><span class="box__score-buycnt"><span class="text text__buy">구매</span><span class="text text__num">2,574</span><span class="for-a11y">건</span></span></span><span class="box__itemcard-benefit-tag"><span class="box__tag box__tag-coupon"><span class="sprite__smilefresh--before box__inner">15% 쿠폰</span></span></span></a><button type="button" class="sprite__smilefresh--after button__favorite-item" aria-describedby="itemCard_title_2518609831" aria-pressed="false" aria-label="관심상품 등록하기"></button></div></div></div></div></li><li class="list-item"><div class="box__itemcard-container"><div class="box__itemcard-body"><div class="box__itemcard-inner"><span class="box__thumbnail__label">55</span><a class="link__itemcard" href="https://item.gmarket.co.kr/Item?goodscode=2539855488" tabindex="-1" aria-hidden="true"><span class="box__itemcard-img"><img class="image__itemcard no-js-400?ver=1725123627" src="data:image/gif;base64,R0lGODlhAQABAIAAAP///wAAACH5BAEAAAAALAAAAAABAAEAAAICRAEAOw==" alt="노브랜드 생강매실 맛술830ml - 상품 이미지"/><noscript><style>.no-js-400?ver=1725123627 { display: none !important; }</style><img class="image__itemcard" src="https://gdimg.gmarket.co.kr/2539855488/still/400?ver=1725123627" alt="노브랜드 생강매실 맛술830ml - 상품 이미지"/></noscript></span></a><div class="box__itemcard-info"><div class="box__element-info"><div class="element-info-qty"><button aria-describedby="itemCard_title_2539855488" class="sprite__smilefresh--before element-info-qty-minus" aria-disabled="true"><span class="for-a11y">상품 수 <!-- -->1<!-- --> 감소</span></button><span class="element-info-item-qty" aria-describedby="itemCard_title_2539855488"><span class="for-a11y">선택된 수량</span> <!-- -->1</span><button aria-describedby="itemCard_title_2539855488" class="sprite__smilefresh--before element-info-qty-plus"><span class="for-a11y">상품 수 <!-- -->1<!-- --> 증가</span></button></div><button type="button" class="sprite__smilefresh--before element-info-cart" aria-describedby="itemCard_title_2539855488"><span class="for-a11y">장바구니 담기</span></button></div><a href="https://item.gmarket.co.kr/Item?goodscode=2539855488" class="link__itemcard-info"><span class="box__itemcard-title-area" id="itemCard_title_2539855488"><span class="text__title" id="item_title">노브랜드 생강매실 맛술830ml</span></span><span class="box__itemcard-price-area"><span class="box__price-seller"><span class="for-a11y">판매가</span><strong class="text__price-seller">2,680</strong><span class="text__unit">원</span></span></span><span class="box__itemcard-info-score"><span class="sprite__smilefresh--before box__score-awards"><span class="for-a11y">평점</span><span class="text text__score">4.7</span><span class="for-a11y">후기</span><span class="text text__num">(1,159)</span><span class="for-a11y">건</span></span><span class="box__score-buycnt"><span class="text text__buy">구매</span><span class="text text__num">2,936</span><span class="for-a11y">건</span></span></span></a><button type="button" class="sprite__smilefresh--after button__favorite-item" aria-describedby="itemCard_title_2539855488" aria-pressed="false" aria-label="관심상품 등록하기"></button></div></div></div></div></li><li class="list-item"><div class="box__itemcard-container"><div class="box__itemcard-body"><div class="box__itemcard-inner"><span class="box__thumbnail__label">56</span><a class="link__itemcard" href="https://item.gmarket.co.kr/Item?goodscode=2518534761" tabindex="-1" aria-hidden="true"><span class="box__itemcard-img"><img class="image__itemcard no-js-400?ver=1725092747" src="data:image/gif;base64,R0lGODlhAQABAIAAAP///wAAACH5BAEAAAAALAAAAAABAAEAAAICRAEAOw==" alt="구즈만 올리브오일1L - 상품 이미지"/><noscript><style>.no-js-400?ver=1725092747 { display: none !important; }</style><img class="image__itemcard" src="https://gdimg.gmarket.co.kr/2518534761/still/400?ver=1725092747" alt="구즈만 올리브오일1L - 상품 이미지"/></noscript></span></a><div class="box__itemcard-info"><div class="box__element-info"><div class="element-info-qty"><button aria-describedby="itemCard_title_2518534761" class="sprite__smilefresh--before element-info-qty-minus" aria-disabled="true"><span class="for-a11y">상품 수 <!-- -->1<!-- --> 감소</span></button><span class="element-info-item-qty" aria-describedby="itemCard_title_2518534761"><span class="for-a11y">선택된 수량</span> <!-- -->1</span><button aria-describedby="itemCard_title_2518534761" class="sprite__smilefresh--before element-info-qty-plus"><span class="for-a11y">상품 수 <!-- -->1<!-- --> 증가</span></button></div><button type="button" class="sprite__smilefresh--before element-info-cart" aria-describedby="itemCard_title_2518534761"><span class="for-a11y">장바구니 담기</span></button></div><a href="https://item.gmarket.co.kr/Item?goodscode=2518534761" class="link__itemcard-info"><span class="box__itemcard-title-area" id="itemCard_title_2518534761"><span class="text__brand"><span class="text">미식관</span></span><span class="text__title" id="item_title">구즈만 올리브오일1L</span></span><span class="box__itemcard-price-area"><span class="box__price-seller"><span class="for-a11y">판매가</span><strong class="text__price-seller">25,800</strong><span class="text__unit">원</span></span></span><span class="box__itemcard-info-score"><span class="sprite__smilefresh--before box__score-awards"><span class="for-a11y">평점</span><span class="text text__score">4.7</span><span class="for-a11y">후기</span><span class="text text__num">(394)</span><span class="for-a11y">건</span></span><span class="box__score-buycnt"><span class="text text__buy">구매</span><span class="text text__num">1,152</span><span class="for-a11y">건</span></span></span><span class="box__itemcard-benefit-tag"><span class="box__tag box__tag-coupon"><span class="sprite__smilefresh--before box__inner">15% 쿠폰</span></span></span></a><button type="button" class="sprite__smilefresh--after button__favorite-item" aria-describedby="itemCard_title_2518534761" aria-pressed="false" aria-label="관심상품 등록하기"></button></div></div></div></div></li><li class="list-item"><div class="box__itemcard-container"><div class="box__itemcard-body"><div class="box__itemcard-inner"><span class="box__thumbnail__label">57</span><a class="link__itemcard" href="https://item.gmarket.co.kr/Item?goodscode=2522747109" tabindex="-1" aria-hidden="true"><span class="box__itemcard-img"><img class="image__itemcard no-js-400?ver=1725105820" src="data:image/gif;base64,R0lGODlhAQABAIAAAP///wAAACH5BAEAAAAALAAAAAABAAEAAAICRAEAOw==" alt="노브랜드 포도씨유 1L - 상품 이미지"/><noscript><style>.no-js-400?ver=1725105820 { display: none !important; }</style><img class="image__itemcard" src="https://gdimg.gmarket.co.kr/2522747109/still/400?ver=1725105820" alt="노브랜드 포도씨유 1L - 상품 이미지"/></noscript></span></a><div class="box__itemcard-info"><div class="box__element-info"><div class="element-info-qty"><button aria-describedby="itemCard_title_2522747109" class="sprite__smilefresh--before element-info-qty-minus" aria-disabled="true"><span class="for-a11y">상품 수 <!-- -->1<!-- --> 감소</span></button><span class="element-info-item-qty" aria-describedby="itemCard_title_2522747109"><span class="for-a11y">선택된 수량</span> <!-- -->1</span><button aria-describedby="itemCard_title_2522747109" class="sprite__smilefresh--before element-info-qty-plus"><span class="for-a11y">상품 수 <!-- -->1<!-- --> 증가</span></button></div><button type="button" class="sprite__smilefresh--before element-info-cart" aria-describedby="itemCard_title_2522747109"><span class="for-a11y">장바구니 담기</span></button></div><a href="https://item.gmarket.co.kr/Item?goodscode=2522747109" class="link__itemcard-info"><span class="box__itemcard-title-area" id="itemCard_title_2522747109"><span class="text__brand"><span class="text">노브랜드</span></span><span class="text__title" id="item_title">노브랜드 포도씨유 1L</span></span><span class="box__itemcard-price-area"><span class="box__price-seller"><span class="for-a11y">판매가</span><strong class="text__price-seller">9,880</strong><span class="text__unit">원</span></span><span class="box__prime-cost"><span class="for-a11y">원가</span><span class="text__unit-cost">(<!-- -->100mL당 988원<!-- -->)</span></span></span><span class="box__itemcard-info-score"><span class="sprite__smilefresh--before box__score-awards"><span class="for-a11y">평점</span><span class="text text__score">4.8</span><span class="for-a11y">후기</span><span class="text text__num">(1,218)</span><span class="for-a11y">건</span></span><span class="box__score-buycnt"><span class="text text__buy">구매</span><span class="text text__num">7,480</span><span class="for-a11y">건</span></span></span></a><button type="button" class="sprite__smilefresh--after button__favorite-item" aria-describedby="itemCard_title_2522747109" aria-pressed="false" aria-label="관심상품 등록하기"></button></div></div></div></div></li><li class="list-item"><div class="box__itemcard-container"><div class="box__itemcard-body"><div class="box__itemcard-inner"><span class="box__thumbnail__label">58</span><a class="link__itemcard" href="https://item.gmarket.co.kr/Item?goodscode=2518499858" tabindex="-1" aria-hidden="true"><span class="box__itemcard-img"><img class="image__itemcard no-js-400?ver=1725092708" src="data:image/gif;base64,R0lGODlhAQABAIAAAP///wAAACH5BAEAAAAALAAAAAABAAEAAAICRAEAOw==" alt="오뚜기 골드 마요네즈 800g - 상품 이미지"/><noscript><style>.no-js-400?ver=1725092708 { display: none !important; }</style><img class="image__itemcard" src="https://gdimg.gmarket.co.kr/2518499858/still/400?ver=1725092708" alt="오뚜기 골드 마요네즈 800g - 상품 이미지"/></noscript></span></a><div class="box__itemcard-info"><div class="box__element-info"><div class="element-info-qty"><button aria-describedby="itemCard_title_2518499858" class="sprite__smilefresh--before element-info-qty-minus" aria-disabled="true"><span class="for-a11y">상품 수 <!-- -->1<!-- --> 감소</span></button><span class="element-info-item-qty" aria-describedby="itemCard_title_2518499858"><span class="for-a11y">선택된 수량</span> <!-- -->1</span><button aria-describedby="itemCard_title_2518499858" class="sprite__smilefresh--before element-info-qty-plus"><span class="for-a11y">상품 수 <!-- -->1<!-- --> 증가</span></button></div><button type="button" class="sprite__smilefresh--before element-info-cart" aria-describedby="itemCard_title_2518499858"><span class="for-a11y">장바구니 담기</span></button></div><a href="https://item.gmarket.co.kr/Item?goodscode=2518499858" class="link__itemcard-info"><span class="box__itemcard-title-area" id="itemCard_title_2518499858"><span class="text__brand"><span class="text">오뚜기</span></span><span class="text__title" id="item_title">오뚜기 골드 마요네즈 800g</span></span><span class="box__itemcard-price-area"><span class="box__price-seller"><span class="for-a11y">판매가</span><strong class="text__price-seller">8,680</strong><span class="text__unit">원</span></span><span class="box__prime-cost"><span class="for-a11y">원가</span><span class="text__unit-cost">(<!-- -->100g당 1,085원<!-- -->)</span></span></span><span class="box__itemcard-info-score"><span class="sprite__smilefresh--before box__score-awards"><span class="for-a11y">평점</span><span class="text text__score">4.8</span><span class="for-a11y">후기</span><span class="text text__num">(764)</span><span class="for-a11y">건</span></span><span class="box__score-buycnt"><span class="text text__buy">구매</span><span class="text text__num">2,049</span><span class="for-a11y">건</span></span></span><span class="box__itemcard-benefit-tag"><span class="box__tag box__tag-coupon"><span class="sprite__smilefresh--before box__inner">15% 쿠폰</span></span></span></a><button type="button" class="sprite__smilefresh--after button__favorite-item" aria-describedby="itemCard_title_2518499858" aria-pressed="false" aria-label="관심상품 등록하기"></button></div></div></div></div></li><li class="list-item"><div class="box__itemcard-container"><div class="box__itemcard-body"><div class="box__itemcard-inner"><span class="box__thumbnail__label">59</span><a class="link__itemcard" href="https://item.gmarket.co.kr/Item?goodscode=2530236773" tabindex="-1" aria-hidden="true"><span class="box__itemcard-img"><img class="image__itemcard no-js-400?ver=1725100592" src="data:image/gif;base64,R0lGODlhAQABAIAAAP///wAAACH5BAEAAAAALAAAAAABAAEAAAICRAEAOw==" alt="노브랜드 우리쌀 우리보리 고추장 1kg - 상품 이미지"/><noscript><style>.no-js-400?ver=1725100592 { display: none !important; }</style><img class="image__itemcard" src="https://gdimg.gmarket.co.kr/2530236773/still/400?ver=1725100592" alt="노브랜드 우리쌀 우리보리 고추장 1kg - 상품 이미지"/></noscript></span></a><div class="box__itemcard-info"><div class="box__element-info"><div class="element-info-qty"><button aria-describedby="itemCard_title_2530236773" class="sprite__smilefresh--before element-info-qty-minus" aria-disabled="true"><span class="for-a11y">상품 수 <!-- -->1<!-- --> 감소</span></button><span class="element-info-item-qty" aria-describedby="itemCard_title_2530236773"><span class="for-a11y">선택된 수량</span> <!-- -->1</span><button aria-describedby="itemCard_title_2530236773" class="sprite__smilefresh--before element-info-qty-plus"><span class="for-a11y">상품 수 <!-- -->1<!-- --> 증가</span></button></div><button type="button" class="sprite__smilefresh--before element-info-cart" aria-describedby="itemCard_title_2530236773"><span class="for-a11y">장바구니 담기</span></button></div><a href="https://item.gmarket.co.kr/Item?goodscode=2530236773" class="link__itemcard-info"><span class="box__itemcard-title-area" id="itemCard_title_2530236773"><span class="text__brand"><span class="text">노브랜드</span></span><span class="text__title" id="item_title">노브랜드 우리쌀 우리보리 고추장 1kg</span></span><span class="box__itemcard-price-area"><span class="box__price-seller"><span class="for-a11y">판매가</span><strong class="text__price-seller">8,080</strong><span class="text__unit">원</span></span><span class="box__prime-cost"><span class="for-a11y">원가</span><span class="text__unit-cost">(<!-- -->100g당 808원<!-- -->)</span></span></span><span class="box__itemcard-info-score"><span class="sprite__smilefresh--before box__score-awards"><span class="for-a11y">평점</span><span class="text text__score">4.7</span><span class="for-a11y">후기</span><span class="text text__num">(1,157)</span><span class="for-a11y">건</span></span><span class="box__score-buycnt"><span class="text text__buy">구매</span><span class="text text__num">2,703</span><span class="for-a11y">건</span></span></span></a><button type="button" class="sprite__smilefresh--after button__favorite-item" aria-describedby="itemCard_title_2530236773" aria-pressed="false" aria-label="관심상품 등록하기"></button></div></div></div></div></li><li class="list-item"><div class="box__itemcard-container"><div class="box__itemcard-body"><div class="box__itemcard-inner"><span class="box__thumbnail__label">60</span><a class="link__itemcard" href="https://item.gmarket.co.kr/Item?goodscode=2625420960" tabindex="-1" aria-hidden="true"><span class="box__itemcard-img"><img class="image__itemcard no-js-400?ver=1725102139" src="data:image/gif;base64,R0lGODlhAQABAIAAAP///wAAACH5BAEAAAAALAAAAAABAAEAAAICRAEAOw==" alt="대상 미원 맛소금 95g - 상품 이미지"/><noscript><style>.no-js-400?ver=1725102139 { display: none !important; }</style><img class="image__itemcard" src="https://gdimg.gmarket.co.kr/2625420960/still/400?ver=1725102139" alt="대상 미원 맛소금 95g - 상품 이미지"/></noscript></span></a><div class="box__itemcard-info"><div class="box__element-info"><div class="element-info-qty"><button aria-describedby="itemCard_title_2625420960" class="sprite__smilefresh--before element-info-qty-minus" aria-disabled="true"><span class="for-a11y">상품 수 <!-- -->1<!-- --> 감소</span></button><span class="element-info-item-qty" aria-describedby="itemCard_title_2625420960"><span class="for-a11y">선택된 수량</span> <!-- -->1</span><button aria-describedby="itemCard_title_2625420960" class="sprite__smilefresh--before element-info-qty-plus"><span class="for-a11y">상품 수 <!-- -->1<!-- --> 증가</span></button></div><button type="button" class="sprite__smilefresh--before element-info-cart" aria-describedby="itemCard_title_2625420960"><span class="for-a11y">장바구니 담기</span></button></div><a href="https://item.gmarket.co.kr/Item?goodscode=2625420960" class="link__itemcard-info"><span class="box__itemcard-title-area" id="itemCard_title_2625420960"><span class="text__brand"><span class="text">미원</span></span><span class="text__title" id="item_title">대상 미원 맛소금 95g</span></span><span class="box__itemcard-price-area"><span class="box__price-seller"><span class="for-a11y">판매가</span><strong class="text__price-seller">2,280</strong><span class="text__unit">원</span></span><span class="box__prime-cost"><span class="for-a11y">원가</span><span class="text__unit-cost">(<!-- -->100g당 2,400원<!-- -->)</span></span></span><span class="box__itemcard-info-score"><span class="sprite__smilefresh--before box__score-awards"><span class="for-a11y">평점</span><span class="text text__score">4.8</span><span class="for-a11y">후기</span><span class="text text__num">(452)</span><span class="for-a11y">건</span></span><span class="box__score-buycnt"><span class="text text__buy">구매</span><span class="text text__num">1,517</span><span class="for-a11y">건</span></span></span><span class="box__itemcard-benefit-tag"><span class="box__tag box__tag-coupon"><span class="sprite__smilefresh--before box__inner">15% 쿠폰</span></span></span></a><button type="button" class="sprite__smilefresh--after button__favorite-item" aria-describedby="itemCard_title_2625420960" aria-pressed="false" aria-label="관심상품 등록하기"></button></div></div></div></div></li><li class="list-item"><div class="box__itemcard-container"><div class="box__itemcard-body"><div class="box__itemcard-inner"><span class="box__thumbnail__label">61</span><a class="link__itemcard" href="https://item.gmarket.co.kr/Item?goodscode=2970764264" tabindex="-1" aria-hidden="true"><span class="box__itemcard-img"><img class="image__itemcard no-js-400?ver=1725130659" src="data:image/gif;base64,R0lGODlhAQABAIAAAP///wAAACH5BAEAAAAALAAAAAABAAEAAAICRAEAOw==" alt="노브랜드 새콤함더한초고추장500G - 상품 이미지"/><noscript><style>.no-js-400?ver=1725130659 { display: none !important; }</style><img class="image__itemcard" src="https://gdimg.gmarket.co.kr/2970764264/still/400?ver=1725130659" alt="노브랜드 새콤함더한초고추장500G - 상품 이미지"/></noscript></span></a><div class="box__itemcard-info"><div class="box__element-info"><div class="element-info-qty"><button aria-describedby="itemCard_title_2970764264" class="sprite__smilefresh--before element-info-qty-minus" aria-disabled="true"><span class="for-a11y">상품 수 <!-- -->1<!-- --> 감소</span></button><span class="element-info-item-qty" aria-describedby="itemCard_title_2970764264"><span class="for-a11y">선택된 수량</span> <!-- -->1</span><button aria-describedby="itemCard_title_2970764264" class="sprite__smilefresh--before element-info-qty-plus"><span class="for-a11y">상품 수 <!-- -->1<!-- --> 증가</span></button></div><button type="button" class="sprite__smilefresh--before element-info-cart" aria-describedby="itemCard_title_2970764264"><span class="for-a11y">장바구니 담기</span></button></div><a href="https://item.gmarket.co.kr/Item?goodscode=2970764264" class="link__itemcard-info"><span class="box__itemcard-title-area" id="itemCard_title_2970764264"><span class="text__brand"><span class="text">노브랜드</span></span><span class="text__title" id="item_title">노브랜드 새콤함더한초고추장500G</span></span><span class="box__itemcard-price-area"><span class="box__price-seller"><span class="for-a11y">판매가</span><strong class="text__price-seller">2,480</strong><span class="text__unit">원</span></span><span class="box__prime-cost"><span class="for-a11y">원가</span><span class="text__unit-cost">(<!-- -->100g당 496원<!-- -->)</span></span></span><span class="box__itemcard-info-score"><span class="sprite__smilefresh--before box__score-awards"><span class="for-a11y">평점</span><span class="text text__score">4.8</span><span class="for-a11y">후기</span><span class="text text__num">(483)</span><span class="for-a11y">건</span></span><span class="box__score-buycnt"><span class="text text__buy">구매</span><span class="text text__num">975</span><span class="for-a11y">건</span></span></span></a><button type="button" class="sprite__smilefresh--after button__favorite-item" aria-describedby="itemCard_title_2970764264" aria-pressed="false" aria-label="관심상품 등록하기"></button></div></div></div></div></li><li class="list-item"><div class="box__itemcard-container"><div class="box__itemcard-body"><div class="box__itemcard-inner"><span class="box__thumbnail__label">62</span><a class="link__itemcard" href="https://item.gmarket.co.kr/Item?goodscode=2518527539" tabindex="-1" aria-hidden="true"><span class="box__itemcard-img"><img class="image__itemcard no-js-400?ver=1725087992" src="data:image/gif;base64,R0lGODlhAQABAIAAAP///wAAACH5BAEAAAAALAAAAAABAAEAAAICRAEAOw==" alt="청정원 클래식돈카츠소스 400g - 상품 이미지"/><noscript><style>.no-js-400?ver=1725087992 { display: none !important; }</style><img class="image__itemcard" src="https://gdimg.gmarket.co.kr/2518527539/still/400?ver=1725087992" alt="청정원 클래식돈카츠소스 400g - 상품 이미지"/></noscript></span></a><div class="box__itemcard-info"><div class="box__element-info"><div class="element-info-qty"><button aria-describedby="itemCard_title_2518527539" class="sprite__smilefresh--before element-info-qty-minus" aria-disabled="true"><span class="for-a11y">상품 수 <!-- -->1<!-- --> 감소</span></button><span class="element-info-item-qty" aria-describedby="itemCard_title_2518527539"><span class="for-a11y">선택된 수량</span> <!-- -->1</span><button aria-describedby="itemCard_title_2518527539" class="sprite__smilefresh--before element-info-qty-plus"><span class="for-a11y">상품 수 <!-- -->1<!-- --> 증가</span></button></div><button type="button" class="sprite__smilefresh--before element-info-cart" aria-describedby="itemCard_title_2518527539"><span class="for-a11y">장바구니 담기</span></button></div><a href="https://item.gmarket.co.kr/Item?goodscode=2518527539" class="link__itemcard-info"><span class="box__itemcard-title-area" id="itemCard_title_2518527539"><span class="text__brand"><span class="text">청정원</span></span><span class="text__title" id="item_title">청정원 클래식돈카츠소스 400g</span></span><span class="box__itemcard-price-area"><span class="box__price-seller"><span class="for-a11y">판매가</span><strong class="text__price-seller">2,900</strong><span class="text__unit">원</span></span><span class="box__prime-cost"><span class="for-a11y">원가</span><span class="text__unit-cost">(<!-- -->100g당 725원<!-- -->)</span></span></span><span class="box__itemcard-info-score"><span class="sprite__smilefresh--before box__score-awards"><span class="for-a11y">평점</span><span class="text text__score">4.8</span><span class="for-a11y">후기</span><span class="text text__num">(1,851)</span><span class="for-a11y">건</span></span><span class="box__score-buycnt"><span class="text text__buy">구매</span><span class="text text__num">4,993</span><span class="for-a11y">건</span></span></span><span class="box__itemcard-benefit-tag"><span class="box__tag box__tag-coupon"><span class="sprite__smilefresh--before box__inner">15% 쿠폰</span></span></span></a><button type="button" class="sprite__smilefresh--after button__favorite-item" aria-describedby="itemCard_title_2518527539" aria-pressed="false" aria-label="관심상품 등록하기"></button></div></div></div></div></li><li class="list-item"><div class="box__itemcard-container"><div class="box__itemcard-body"><div class="box__itemcard-inner"><span class="box__thumbnail__label">63</span><a class="link__itemcard" href="https://item.gmarket.co.kr/Item?goodscode=2522755548" tabindex="-1" aria-hidden="true"><span class="box__itemcard-img"><img class="image__itemcard no-js-400?ver=1725105262" src="data:image/gif;base64,R0lGODlhAQABAIAAAP///wAAACH5BAEAAAAALAAAAAABAAEAAAICRAEAOw==" alt="청정원 맛술 830ml(생강매실) - 상품 이미지"/><noscript><style>.no-js-400?ver=1725105262 { display: none !important; }</style><img class="image__itemcard" src="https://gdimg.gmarket.co.kr/2522755548/still/400?ver=1725105262" alt="청정원 맛술 830ml(생강매실) - 상품 이미지"/></noscript></span></a><div class="box__itemcard-info"><div class="box__element-info"><div class="element-info-qty"><button aria-describedby="itemCard_title_2522755548" class="sprite__smilefresh--before element-info-qty-minus" aria-disabled="true"><span class="for-a11y">상품 수 <!-- -->1<!-- --> 감소</span></button><span class="element-info-item-qty" aria-describedby="itemCard_title_2522755548"><span class="for-a11y">선택된 수량</span> <!-- -->1</span><button aria-describedby="itemCard_title_2522755548" class="sprite__smilefresh--before element-info-qty-plus"><span class="for-a11y">상품 수 <!-- -->1<!-- --> 증가</span></button></div><button type="button" class="sprite__smilefresh--before element-info-cart" aria-describedby="itemCard_title_2522755548"><span class="for-a11y">장바구니 담기</span></button></div><a href="https://item.gmarket.co.kr/Item?goodscode=2522755548" class="link__itemcard-info"><span class="box__itemcard-title-area" id="itemCard_title_2522755548"><span class="text__brand"><span class="text">청정원</span></span><span class="text__title" id="item_title">청정원 맛술 830ml(생강매실)</span></span><span class="box__itemcard-price-area"><span class="box__price-seller"><span class="for-a11y">판매가</span><strong class="text__price-seller">2,980</strong><span class="text__unit">원</span></span></span><span class="box__itemcard-info-score"><span class="sprite__smilefresh--before box__score-awards"><span class="for-a11y">평점</span><span class="text text__score">4.8</span><span class="for-a11y">후기</span><span class="text text__num">(1,322)</span><span class="for-a11y">건</span></span><span class="box__score-buycnt"><span class="text text__buy">구매</span><span class="text text__num">2,862</span><span class="for-a11y">건</span></span></span><span class="box__itemcard-benefit-tag"><span class="box__tag box__tag-coupon"><span class="sprite__smilefresh--before box__inner">15% 쿠폰</span></span></span></a><button type="button" class="sprite__smilefresh--after button__favorite-item" aria-describedby="itemCard_title_2522755548" aria-pressed="false" aria-label="관심상품 등록하기"></button></div></div></div></div></li><li class="list-item"><div class="box__itemcard-container"><div class="box__itemcard-body"><div class="box__itemcard-inner"><span class="box__thumbnail__label">64</span><a class="link__itemcard" href="https://item.gmarket.co.kr/Item?goodscode=2665163994" tabindex="-1" aria-hidden="true"><span class="box__itemcard-img"><img class="image__itemcard no-js-400?ver=1725126875" src="data:image/gif;base64,R0lGODlhAQABAIAAAP///wAAACH5BAEAAAAALAAAAAABAAEAAAICRAEAOw==" alt="노브랜드 데일리돈까스소스455g - 상품 이미지"/><noscript><style>.no-js-400?ver=1725126875 { display: none !important; }</style><img class="image__itemcard" src="https://gdimg.gmarket.co.kr/2665163994/still/400?ver=1725126875" alt="노브랜드 데일리돈까스소스455g - 상품 이미지"/></noscript></span></a><div class="box__itemcard-info"><div class="box__element-info"><div class="element-info-qty"><button aria-describedby="itemCard_title_2665163994" class="sprite__smilefresh--before element-info-qty-minus" aria-disabled="true"><span class="for-a11y">상품 수 <!-- -->1<!-- --> 감소</span></button><span class="element-info-item-qty" aria-describedby="itemCard_title_2665163994"><span class="for-a11y">선택된 수량</span> <!-- -->1</span><button aria-describedby="itemCard_title_2665163994" class="sprite__smilefresh--before element-info-qty-plus"><span class="for-a11y">상품 수 <!-- -->1<!-- --> 증가</span></button></div><button type="button" class="sprite__smilefresh--before element-info-cart" aria-describedby="itemCard_title_2665163994"><span class="for-a11y">장바구니 담기</span></button></div><a href="https://item.gmarket.co.kr/Item?goodscode=2665163994" class="link__itemcard-info"><span class="box__itemcard-title-area" id="itemCard_title_2665163994"><span class="text__brand"><span class="text">노브랜드</span></span><span class="text__title" id="item_title">노브랜드 데일리돈까스소스455g</span></span><span class="box__itemcard-price-area"><span class="box__price-seller"><span class="for-a11y">판매가</span><strong class="text__price-seller">2,580</strong><span class="text__unit">원</span></span><span class="box__prime-cost"><span class="for-a11y">원가</span><span class="text__unit-cost">(<!-- -->100g당 567원<!-- -->)</span></span></span><span class="box__itemcard-info-score"><span class="sprite__smilefresh--before box__score-awards"><span class="for-a11y">평점</span><span class="text text__score">4.7</span><span class="for-a11y">후기</span><span class="text text__num">(1,921)</span><span class="for-a11y">건</span></span><span class="box__score-buycnt"><span class="text text__buy">구매</span><span class="text text__num">3,771</span><span class="for-a11y">건</span></span></span></a><button type="button" class="sprite__smilefresh--after button__favorite-item" aria-describedby="itemCard_title_2665163994" aria-pressed="false" aria-label="관심상품 등록하기"></button></div></div></div></div></li><li class="list-item"><div class="box__itemcard-container"><div class="box__itemcard-body"><div class="box__itemcard-inner"><span class="box__thumbnail__label">65</span><a class="link__itemcard" href="https://item.gmarket.co.kr/Item?goodscode=3981279970" tabindex="-1" aria-hidden="true"><span class="box__itemcard-img"><img class="image__itemcard no-js-400?ver=1725142524" src="data:image/gif;base64,R0lGODlhAQABAIAAAP///wAAACH5BAEAAAAALAAAAAABAAEAAAICRAEAOw==" alt="피코크 국산 고운 고춧가루 110g - 상품 이미지"/><noscript><style>.no-js-400?ver=1725142524 { display: none !important; }</style><img class="image__itemcard" src="https://gdimg.gmarket.co.kr/3981279970/still/400?ver=1725142524" alt="피코크 국산 고운 고춧가루 110g - 상품 이미지"/></noscript></span></a><div class="box__itemcard-info"><div class="box__element-info"><div class="element-info-qty"><button aria-describedby="itemCard_title_3981279970" class="sprite__smilefresh--before element-info-qty-minus" aria-disabled="true"><span class="for-a11y">상품 수 <!-- -->1<!-- --> 감소</span></button><span class="element-info-item-qty" aria-describedby="itemCard_title_3981279970"><span class="for-a11y">선택된 수량</span> <!-- -->1</span><button aria-describedby="itemCard_title_3981279970" class="sprite__smilefresh--before element-info-qty-plus"><span class="for-a11y">상품 수 <!-- -->1<!-- --> 증가</span></button></div><button type="button" class="sprite__smilefresh--before element-info-cart" aria-describedby="itemCard_title_3981279970"><span class="for-a11y">장바구니 담기</span></button></div><a href="https://item.gmarket.co.kr/Item?goodscode=3981279970" class="link__itemcard-info"><span class="box__itemcard-title-area" id="itemCard_title_3981279970"><span class="text__title" id="item_title">피코크 국산 고운 고춧가루 110g</span></span><span class="box__itemcard-price-area"><span class="box__price-seller"><span class="for-a11y">판매가</span><strong class="text__price-seller">5,980</strong><span class="text__unit">원</span></span></span><span class="box__itemcard-info-score"><span class="sprite__smilefresh--before box__score-awards"><span class="for-a11y">평점</span><span class="text text__score">4.8</span><span class="for-a11y">후기</span><span class="text text__num">(24)</span><span class="for-a11y">건</span></span><span class="box__score-buycnt"><span class="text text__buy">구매</span><span class="text text__num">80</span><span class="for-a11y">건</span></span></span><span class="box__itemcard-benefit-tag"><span class="box__tag box__tag-coupon"><span class="sprite__smilefresh--before box__inner">15% 쿠폰</span></span></span></a><button type="button" class="sprite__smilefresh--after button__favorite-item" aria-describedby="itemCard_title_3981279970" aria-pressed="false" aria-label="관심상품 등록하기"></button></div></div></div></div></li><li class="list-item"><div class="box__itemcard-container"><div class="box__itemcard-body"><div class="box__itemcard-inner"><span class="box__thumbnail__label">66</span><a class="link__itemcard" href="https://item.gmarket.co.kr/Item?goodscode=2559636870" tabindex="-1" aria-hidden="true"><span class="box__itemcard-img"><img class="image__itemcard no-js-400?ver=1725088118" src="data:image/gif;base64,R0lGODlhAQABAIAAAP///wAAACH5BAEAAAAALAAAAAABAAEAAAICRAEAOw==" alt="백설 중력 밀가루(다목적용) 1kg - 상품 이미지"/><noscript><style>.no-js-400?ver=1725088118 { display: none !important; }</style><img class="image__itemcard" src="https://gdimg.gmarket.co.kr/2559636870/still/400?ver=1725088118" alt="백설 중력 밀가루(다목적용) 1kg - 상품 이미지"/></noscript></span></a><div class="box__itemcard-info"><div class="box__element-info"><div class="element-info-qty"><button aria-describedby="itemCard_title_2559636870" class="sprite__smilefresh--before element-info-qty-minus" aria-disabled="true"><span class="for-a11y">상품 수 <!-- -->1<!-- --> 감소</span></button><span class="element-info-item-qty" aria-describedby="itemCard_title_2559636870"><span class="for-a11y">선택된 수량</span> <!-- -->1</span><button aria-describedby="itemCard_title_2559636870" class="sprite__smilefresh--before element-info-qty-plus"><span class="for-a11y">상품 수 <!-- -->1<!-- --> 증가</span></button></div><button type="button" class="sprite__smilefresh--before element-info-cart" aria-describedby="itemCard_title_2559636870"><span class="for-a11y">장바구니 담기</span></button></div><a href="https://item.gmarket.co.kr/Item?goodscode=2559636870" class="link__itemcard-info"><span class="box__itemcard-title-area" id="itemCard_title_2559636870"><span class="text__brand"><span class="text">백설</span></span><span class="text__title" id="item_title">백설 중력 밀가루(다목적용) 1kg</span></span><span class="box__itemcard-price-area"><span class="box__price-seller"><span class="for-a11y">판매가</span><strong class="text__price-seller">1,710</strong><span class="text__unit">원</span></span><span class="box__prime-cost"><span class="for-a11y">원가</span><span class="text__unit-cost">(<!-- -->100g당 171원<!-- -->)</span></span></span><span class="box__itemcard-info-score"><span class="sprite__smilefresh--before box__score-awards"><span class="for-a11y">평점</span><span class="text text__score">4.7</span><span class="for-a11y">후기</span><span class="text text__num">(381)</span><span class="for-a11y">건</span></span><span class="box__score-buycnt"><span class="text text__buy">구매</span><span class="text text__num">1,197</span><span class="for-a11y">건</span></span></span><span class="box__itemcard-benefit-tag"><span class="box__tag box__tag-coupon"><span class="sprite__smilefresh--before box__inner">15% 쿠폰</span></span></span></a><button type="button" class="sprite__smilefresh--after button__favorite-item" aria-describedby="itemCard_title_2559636870" aria-pressed="false" aria-label="관심상품 등록하기"></button></div></div></div></div></li><li class="list-item"><div class="box__itemcard-container"><div class="box__itemcard-body"><div class="box__itemcard-inner"><span class="box__thumbnail__label">67</span><a class="link__itemcard" href="https://item.gmarket.co.kr/Item?goodscode=2518492626" tabindex="-1" aria-hidden="true"><span class="box__itemcard-img"><img class="image__itemcard no-js-400?ver=1725092734" src="data:image/gif;base64,R0lGODlhAQABAIAAAP///wAAACH5BAEAAAAALAAAAAABAAEAAAICRAEAOw==" alt="오뚜기 파스타소스(토마토) 600g - 상품 이미지"/><noscript><style>.no-js-400?ver=1725092734 { display: none !important; }</style><img class="image__itemcard" src="https://gdimg.gmarket.co.kr/2518492626/still/400?ver=1725092734" alt="오뚜기 파스타소스(토마토) 600g - 상품 이미지"/></noscript></span></a><div class="box__itemcard-info"><div class="box__element-info"><div class="element-info-qty"><button aria-describedby="itemCard_title_2518492626" class="sprite__smilefresh--before element-info-qty-minus" aria-disabled="true"><span class="for-a11y">상품 수 <!-- -->1<!-- --> 감소</span></button><span class="element-info-item-qty" aria-describedby="itemCard_title_2518492626"><span class="for-a11y">선택된 수량</span> <!-- -->1</span><button aria-describedby="itemCard_title_2518492626" class="sprite__smilefresh--before element-info-qty-plus"><span class="for-a11y">상품 수 <!-- -->1<!-- --> 증가</span></button></div><button type="button" class="sprite__smilefresh--before element-info-cart" aria-describedby="itemCard_title_2518492626"><span class="for-a11y">장바구니 담기</span></button></div><a href="https://item.gmarket.co.kr/Item?goodscode=2518492626" class="link__itemcard-info"><span class="box__itemcard-title-area" id="itemCard_title_2518492626"><span class="text__brand"><span class="text">오뚜기</span></span><span class="text__title" id="item_title">오뚜기 파스타소스(토마토) 600g</span></span><span class="box__itemcard-price-area"><span class="box__price-seller"><span class="for-a11y">판매가</span><strong class="text__price-seller">4,980</strong><span class="text__unit">원</span></span><span class="box__prime-cost"><span class="for-a11y">원가</span><strong class="text__dc-rate">16<!-- -->%</strong><span class="text__prime-cost">5,980<span class="text__unit">원</span></span><span class="text__unit-cost">(<!-- -->100g당 830원<!-- -->)</span></span></span><span class="box__itemcard-info-score"><span class="sprite__smilefresh--before box__score-awards"><span class="for-a11y">평점</span><span class="text text__score">4.8</span><span class="for-a11y">후기</span><span class="text text__num">(273)</span><span class="for-a11y">건</span></span><span class="box__score-buycnt"><span class="text text__buy">구매</span><span class="text text__num">1,220</span><span class="for-a11y">건</span></span></span><span class="box__itemcard-benefit-tag"><span class="box__tag box__tag-coupon"><span class="sprite__smilefresh--before box__inner">15% 쿠폰</span></span></span></a><button type="button" class="sprite__smilefresh--after button__favorite-item" aria-describedby="itemCard_title_2518492626" aria-pressed="false" aria-label="관심상품 등록하기"></button></div></div></div></div></li><li class="list-item"><div class="box__itemcard-container"><div class="box__itemcard-body"><div class="box__itemcard-inner"><span class="box__thumbnail__label">68</span><a class="link__itemcard" href="https://item.gmarket.co.kr/Item?goodscode=2518785547" tabindex="-1" aria-hidden="true"><span class="box__itemcard-img"><img class="image__itemcard no-js-400?ver=1725111771" src="data:image/gif;base64,R0lGODlhAQABAIAAAP///wAAACH5BAEAAAAALAAAAAABAAEAAAICRAEAOw==" alt="풀무원 중화마파두부양념소스 130g4 - 상품 이미지"/><noscript><style>.no-js-400?ver=1725111771 { display: none !important; }</style><img class="image__itemcard" src="https://gdimg.gmarket.co.kr/2518785547/still/400?ver=1725111771" alt="풀무원 중화마파두부양념소스 130g4 - 상품 이미지"/></noscript></span></a><div class="box__itemcard-info"><div class="box__element-info"><div class="element-info-qty"><button aria-describedby="itemCard_title_2518785547" class="sprite__smilefresh--before element-info-qty-minus" aria-disabled="true"><span class="for-a11y">상품 수 <!-- -->1<!-- --> 감소</span></button><span class="element-info-item-qty" aria-describedby="itemCard_title_2518785547"><span class="for-a11y">선택된 수량</span> <!-- -->1</span><button aria-describedby="itemCard_title_2518785547" class="sprite__smilefresh--before element-info-qty-plus"><span class="for-a11y">상품 수 <!-- -->1<!-- --> 증가</span></button></div><button type="button" class="sprite__smilefresh--before element-info-cart" aria-describedby="itemCard_title_2518785547"><span class="for-a11y">장바구니 담기</span></button></div><a href="https://item.gmarket.co.kr/Item?goodscode=2518785547" class="link__itemcard-info"><span class="box__itemcard-title-area" id="itemCard_title_2518785547"><span class="text__brand"><span class="text">풀무원</span></span><span class="text__title" id="item_title">풀무원 중화마파두부양념소스 130g4</span></span><span class="box__itemcard-price-area"><span class="box__price-seller"><span class="for-a11y">판매가</span><strong class="text__price-seller">5,980</strong><span class="text__unit">원</span></span><span class="box__prime-cost"><span class="for-a11y">원가</span><span class="text__unit-cost">(<!-- -->100g당 1,150원<!-- -->)</span></span></span><span class="box__itemcard-info-score"><span class="sprite__smilefresh--before box__score-awards"><span class="for-a11y">평점</span><span class="text text__score">4.8</span><span class="for-a11y">후기</span><span class="text text__num">(751)</span><span class="for-a11y">건</span></span><span class="box__score-buycnt"><span class="text text__buy">구매</span><span class="text text__num">1,794</span><span class="for-a11y">건</span></span></span><span class="box__itemcard-benefit-tag"><span class="box__tag box__tag-coupon"><span class="sprite__smilefresh--before box__inner">15% 쿠폰</span></span></span></a><button type="button" class="sprite__smilefresh--after button__favorite-item" aria-describedby="itemCard_title_2518785547" aria-pressed="false" aria-label="관심상품 등록하기"></button></div></div></div></div></li><li class="list-item"><div class="box__itemcard-container"><div class="box__itemcard-body"><div class="box__itemcard-inner"><span class="box__thumbnail__label">69</span><a class="link__itemcard" href="https://item.gmarket.co.kr/Item?goodscode=2522505779" tabindex="-1" aria-hidden="true"><span class="box__itemcard-img"><img class="image__itemcard no-js-400?ver=1725102058" src="data:image/gif;base64,R0lGODlhAQABAIAAAP///wAAACH5BAEAAAAALAAAAAABAAEAAAICRAEAOw==" alt="청정원 고소한마요네즈 500g - 상품 이미지"/><noscript><style>.no-js-400?ver=1725102058 { display: none !important; }</style><img class="image__itemcard" src="https://gdimg.gmarket.co.kr/2522505779/still/400?ver=1725102058" alt="청정원 고소한마요네즈 500g - 상품 이미지"/></noscript></span></a><div class="box__itemcard-info"><div class="box__element-info"><div class="element-info-qty"><button aria-describedby="itemCard_title_2522505779" class="sprite__smilefresh--before element-info-qty-minus" aria-disabled="true"><span class="for-a11y">상품 수 <!-- -->1<!-- --> 감소</span></button><span class="element-info-item-qty" aria-describedby="itemCard_title_2522505779"><span class="for-a11y">선택된 수량</span> <!-- -->1</span><button aria-describedby="itemCard_title_2522505779" class="sprite__smilefresh--before element-info-qty-plus"><span class="for-a11y">상품 수 <!-- -->1<!-- --> 증가</span></button></div><button type="button" class="sprite__smilefresh--before element-info-cart" aria-describedby="itemCard_title_2522505779"><span class="for-a11y">장바구니 담기</span></button></div><a href="https://item.gmarket.co.kr/Item?goodscode=2522505779" class="link__itemcard-info"><span class="box__itemcard-title-area" id="itemCard_title_2522505779"><span class="text__brand"><span class="text">청정원</span></span><span class="text__title" id="item_title">청정원 고소한마요네즈 500g</span></span><span class="box__itemcard-price-area"><span class="box__price-seller"><span class="for-a11y">판매가</span><strong class="text__price-seller">5,400</strong><span class="text__unit">원</span></span><span class="box__prime-cost"><span class="for-a11y">원가</span><span class="text__unit-cost">(<!-- -->100g당 1,080원<!-- -->)</span></span></span><span class="box__itemcard-info-score"><span class="sprite__smilefresh--before box__score-awards"><span class="for-a11y">평점</span><span class="text text__score">4.8</span><span class="for-a11y">후기</span><span class="text text__num">(1,418)</span><span class="for-a11y">건</span></span><span class="box__score-buycnt"><span class="text text__buy">구매</span><span class="text text__num">2,893</span><span class="for-a11y">건</span></span></span><span class="box__itemcard-benefit-tag"><span class="box__tag box__tag-coupon"><span class="sprite__smilefresh--before box__inner">15% 쿠폰</span></span></span></a><button type="button" class="sprite__smilefresh--after button__favorite-item" aria-describedby="itemCard_title_2522505779" aria-pressed="false" aria-label="관심상품 등록하기"></button></div></div></div></div></li><li class="list-item"><div class="box__itemcard-container"><div class="box__itemcard-body"><div class="box__itemcard-inner"><span class="box__thumbnail__label">70</span><a class="link__itemcard" href="https://item.gmarket.co.kr/Item?goodscode=2518766710" tabindex="-1" aria-hidden="true"><span class="box__itemcard-img"><img class="image__itemcard no-js-400?ver=1725091713" src="data:image/gif;base64,R0lGODlhAQABAIAAAP///wAAACH5BAEAAAAALAAAAAABAAEAAAICRAEAOw==" alt="CJ다시다 명품 골드 96g - 상품 이미지"/><noscript><style>.no-js-400?ver=1725091713 { display: none !important; }</style><img class="image__itemcard" src="https://gdimg.gmarket.co.kr/2518766710/still/400?ver=1725091713" alt="CJ다시다 명품 골드 96g - 상품 이미지"/></noscript></span></a><div class="box__itemcard-info"><div class="box__element-info"><div class="element-info-qty"><button aria-describedby="itemCard_title_2518766710" class="sprite__smilefresh--before element-info-qty-minus" aria-disabled="true"><span class="for-a11y">상품 수 <!-- -->1<!-- --> 감소</span></button><span class="element-info-item-qty" aria-describedby="itemCard_title_2518766710"><span class="for-a11y">선택된 수량</span> <!-- -->1</span><button aria-describedby="itemCard_title_2518766710" class="sprite__smilefresh--before element-info-qty-plus"><span class="for-a11y">상품 수 <!-- -->1<!-- --> 증가</span></button></div><button type="button" class="sprite__smilefresh--before element-info-cart" aria-describedby="itemCard_title_2518766710"><span class="for-a11y">장바구니 담기</span></button></div><a href="https://item.gmarket.co.kr/Item?goodscode=2518766710" class="link__itemcard-info"><span class="box__itemcard-title-area" id="itemCard_title_2518766710"><span class="text__brand"><span class="text">다시다</span></span><span class="text__title" id="item_title">CJ다시다 명품 골드 96g</span></span><span class="box__itemcard-price-area"><span class="box__price-seller"><span class="for-a11y">판매가</span><strong class="text__price-seller">5,480</strong><span class="text__unit">원</span></span></span><span class="box__itemcard-info-score"><span class="sprite__smilefresh--before box__score-awards"><span class="for-a11y">평점</span><span class="text text__score">4.8</span><span class="for-a11y">후기</span><span class="text text__num">(907)</span><span class="for-a11y">건</span></span><span class="box__score-buycnt"><span class="text text__buy">구매</span><span class="text text__num">3,142</span><span class="for-a11y">건</span></span></span><span class="box__itemcard-benefit-tag"><span class="box__tag box__tag-coupon"><span class="sprite__smilefresh--before box__inner">15% 쿠폰</span></span></span></a><button type="button" class="sprite__smilefresh--after button__favorite-item" aria-describedby="itemCard_title_2518766710" aria-pressed="false" aria-label="관심상품 등록하기"></button></div></div></div></div></li><li class="list-item"><div class="box__itemcard-container"><div class="box__itemcard-body"><div class="box__itemcard-inner"><span class="box__thumbnail__label">71</span><a class="link__itemcard" href="https://item.gmarket.co.kr/Item?goodscode=2522530169" tabindex="-1" aria-hidden="true"><span class="box__itemcard-img"><img class="image__itemcard no-js-400?ver=1725102959" src="data:image/gif;base64,R0lGODlhAQABAIAAAP///wAAACH5BAEAAAAALAAAAAABAAEAAAICRAEAOw==" alt="노브랜드 정성깃든된장 1kg - 상품 이미지"/><noscript><style>.no-js-400?ver=1725102959 { display: none !important; }</style><img class="image__itemcard" src="https://gdimg.gmarket.co.kr/2522530169/still/400?ver=1725102959" alt="노브랜드 정성깃든된장 1kg - 상품 이미지"/></noscript></span></a><div class="box__itemcard-info"><div class="box__element-info"><div class="element-info-qty"><button aria-describedby="itemCard_title_2522530169" class="sprite__smilefresh--before element-info-qty-minus" aria-disabled="true"><span class="for-a11y">상품 수 <!-- -->1<!-- --> 감소</span></button><span class="element-info-item-qty" aria-describedby="itemCard_title_2522530169"><span class="for-a11y">선택된 수량</span> <!-- -->1</span><button aria-describedby="itemCard_title_2522530169" class="sprite__smilefresh--before element-info-qty-plus"><span class="for-a11y">상품 수 <!-- -->1<!-- --> 증가</span></button></div><button type="button" class="sprite__smilefresh--before element-info-cart" aria-describedby="itemCard_title_2522530169"><span class="for-a11y">장바구니 담기</span></button></div><a href="https://item.gmarket.co.kr/Item?goodscode=2522530169" class="link__itemcard-info"><span class="box__itemcard-title-area" id="itemCard_title_2522530169"><span class="text__brand"><span class="text">노브랜드</span></span><span class="text__title" id="item_title">노브랜드 정성깃든된장 1kg</span></span><span class="box__itemcard-price-area"><span class="box__price-seller"><span class="for-a11y">판매가</span><strong class="text__price-seller">3,480</strong><span class="text__unit">원</span></span><span class="box__prime-cost"><span class="for-a11y">원가</span><span class="text__unit-cost">(<!-- -->100g당 348원<!-- -->)</span></span></span><span class="box__itemcard-info-score"><span class="sprite__smilefresh--before box__score-awards"><span class="for-a11y">평점</span><span class="text text__score">4.8</span><span class="for-a11y">후기</span><span class="text text__num">(2,622)</span><span class="for-a11y">건</span></span><span class="box__score-buycnt"><span class="text text__buy">구매</span><span class="text text__num">6,167</span><span class="for-a11y">건</span></span></span></a><button type="button" class="sprite__smilefresh--after button__favorite-item" aria-describedby="itemCard_title_2522530169" aria-pressed="false" aria-label="관심상품 등록하기"></button></div></div></div></div></li><li class="list-item"><div class="box__itemcard-container"><div class="box__itemcard-body"><div class="box__itemcard-inner"><span class="box__thumbnail__label">72</span><a class="link__itemcard" href="https://item.gmarket.co.kr/Item?goodscode=3951322281" tabindex="-1" aria-hidden="true"><span class="box__itemcard-img"><img class="image__itemcard no-js-400?ver=1725092599" src="data:image/gif;base64,R0lGODlhAQABAIAAAP///wAAACH5BAEAAAAALAAAAAABAAEAAAICRAEAOw==" alt="오뚜기  옛날물엿 1.2kg - 상품 이미지"/><noscript><style>.no-js-400?ver=1725092599 { display: none !important; }</style><img class="image__itemcard" src="https://gdimg.gmarket.co.kr/3951322281/still/400?ver=1725092599" alt="오뚜기  옛날물엿 1.2kg - 상품 이미지"/></noscript></span></a><div class="box__itemcard-info"><div class="box__element-info"><div class="element-info-qty"><button aria-describedby="itemCard_title_3951322281" class="sprite__smilefresh--before element-info-qty-minus" aria-disabled="true"><span class="for-a11y">상품 수 <!-- -->1<!-- --> 감소</span></button><span class="element-info-item-qty" aria-describedby="itemCard_title_3951322281"><span class="for-a11y">선택된 수량</span> <!-- -->1</span><button aria-describedby="itemCard_title_3951322281" class="sprite__smilefresh--before element-info-qty-plus"><span class="for-a11y">상품 수 <!-- -->1<!-- --> 증가</span></button></div><button type="button" class="sprite__smilefresh--before element-info-cart" aria-describedby="itemCard_title_3951322281"><span class="for-a11y">장바구니 담기</span></button></div><a href="https://item.gmarket.co.kr/Item?goodscode=3951322281" class="link__itemcard-info"><span class="box__itemcard-title-area" id="itemCard_title_3951322281"><span class="text__brand"><span class="text">오뚜기</span></span><span class="text__title" id="item_title">오뚜기  옛날물엿 1.2kg</span></span><span class="box__itemcard-price-area"><span class="box__price-seller"><span class="for-a11y">판매가</span><strong class="text__price-seller">3,980</strong><span class="text__unit">원</span></span></span><span class="box__itemcard-info-score"><span class="sprite__smilefresh--before box__score-awards"><span class="for-a11y">평점</span><span class="text text__score">4.8</span><span class="for-a11y">후기</span><span class="text text__num">(39)</span><span class="for-a11y">건</span></span><span class="box__score-buycnt"><span class="text text__buy">구매</span><span class="text text__num">109</span><span class="for-a11y">건</span></span></span><span class="box__itemcard-benefit-tag"><span class="box__tag box__tag-coupon"><span class="sprite__smilefresh--before box__inner">15% 쿠폰</span></span></span></a><button type="button" class="sprite__smilefresh--after button__favorite-item" aria-describedby="itemCard_title_3951322281" aria-pressed="false" aria-label="관심상품 등록하기"></button></div></div></div></div></li><li class="list-item"><div class="box__itemcard-container"><div class="box__itemcard-body"><div class="box__itemcard-inner"><span class="box__thumbnail__label">73</span><a class="link__itemcard" href="https://item.gmarket.co.kr/Item?goodscode=2518493565" tabindex="-1" aria-hidden="true"><span class="box__itemcard-img"><img class="image__itemcard no-js-400?ver=1725092614" src="data:image/gif;base64,R0lGODlhAQABAIAAAP///wAAACH5BAEAAAAALAAAAAABAAEAAAICRAEAOw==" alt="대상 미원 맛소금 1kg - 상품 이미지"/><noscript><style>.no-js-400?ver=1725092614 { display: none !important; }</style><img class="image__itemcard" src="https://gdimg.gmarket.co.kr/2518493565/still/400?ver=1725092614" alt="대상 미원 맛소금 1kg - 상품 이미지"/></noscript></span></a><div class="box__itemcard-info"><div class="box__element-info"><div class="element-info-qty"><button aria-describedby="itemCard_title_2518493565" class="sprite__smilefresh--before element-info-qty-minus" aria-disabled="true"><span class="for-a11y">상품 수 <!-- -->1<!-- --> 감소</span></button><span class="element-info-item-qty" aria-describedby="itemCard_title_2518493565"><span class="for-a11y">선택된 수량</span> <!-- -->1</span><button aria-describedby="itemCard_title_2518493565" class="sprite__smilefresh--before element-info-qty-plus"><span class="for-a11y">상품 수 <!-- -->1<!-- --> 증가</span></button></div><button type="button" class="sprite__smilefresh--before element-info-cart" aria-describedby="itemCard_title_2518493565"><span class="for-a11y">장바구니 담기</span></button></div><a href="https://item.gmarket.co.kr/Item?goodscode=2518493565" class="link__itemcard-info"><span class="box__itemcard-title-area" id="itemCard_title_2518493565"><span class="text__brand"><span class="text">미원</span></span><span class="text__title" id="item_title">대상 미원 맛소금 1kg</span></span><span class="box__itemcard-price-area"><span class="box__price-seller"><span class="for-a11y">판매가</span><strong class="text__price-seller">4,520</strong><span class="text__unit">원</span></span><span class="box__prime-cost"><span class="for-a11y">원가</span><span class="text__unit-cost">(<!-- -->100g당 452원<!-- -->)</span></span></span><span class="box__itemcard-info-score"><span class="sprite__smilefresh--before box__score-awards"><span class="for-a11y">평점</span><span class="text text__score">4.8</span><span class="for-a11y">후기</span><span class="text text__num">(1,042)</span><span class="for-a11y">건</span></span><span class="box__score-buycnt"><span class="text text__buy">구매</span><span class="text text__num">2,254</span><span class="for-a11y">건</span></span></span><span class="box__itemcard-benefit-tag"><span class="box__tag box__tag-coupon"><span class="sprite__smilefresh--before box__inner">15% 쿠폰</span></span></span></a><button type="button" class="sprite__smilefresh--after button__favorite-item" aria-describedby="itemCard_title_2518493565" aria-pressed="false" aria-label="관심상품 등록하기"></button></div></div></div></div></li><li class="list-item"><div class="box__itemcard-container"><div class="box__itemcard-body"><div class="box__itemcard-inner"><span class="box__thumbnail__label">74</span><a class="link__itemcard" href="https://item.gmarket.co.kr/Item?goodscode=2970764267" tabindex="-1" aria-hidden="true"><span class="box__itemcard-img"><img class="image__itemcard no-js-400?ver=1725130656" src="data:image/gif;base64,R0lGODlhAQABAIAAAP///wAAACH5BAEAAAAALAAAAAABAAEAAAICRAEAOw==" alt="노브랜드 고소함더한비빔장500g - 상품 이미지"/><noscript><style>.no-js-400?ver=1725130656 { display: none !important; }</style><img class="image__itemcard" src="https://gdimg.gmarket.co.kr/2970764267/still/400?ver=1725130656" alt="노브랜드 고소함더한비빔장500g - 상품 이미지"/></noscript></span></a><div class="box__itemcard-info"><div class="box__element-info"><div class="element-info-qty"><button aria-describedby="itemCard_title_2970764267" class="sprite__smilefresh--before element-info-qty-minus" aria-disabled="true"><span class="for-a11y">상품 수 <!-- -->1<!-- --> 감소</span></button><span class="element-info-item-qty" aria-describedby="itemCard_title_2970764267"><span class="for-a11y">선택된 수량</span> <!-- -->1</span><button aria-describedby="itemCard_title_2970764267" class="sprite__smilefresh--before element-info-qty-plus"><span class="for-a11y">상품 수 <!-- -->1<!-- --> 증가</span></button></div><button type="button" class="sprite__smilefresh--before element-info-cart" aria-describedby="itemCard_title_2970764267"><span class="for-a11y">장바구니 담기</span></button></div><a href="https://item.gmarket.co.kr/Item?goodscode=2970764267" class="link__itemcard-info"><span class="box__itemcard-title-area" id="itemCard_title_2970764267"><span class="text__brand"><span class="text">노브랜드</span></span><span class="text__title" id="item_title">노브랜드 고소함더한비빔장500g</span></span><span class="box__itemcard-price-area"><span class="box__price-seller"><span class="for-a11y">판매가</span><strong class="text__price-seller">2,780</strong><span class="text__unit">원</span></span><span class="box__prime-cost"><span class="for-a11y">원가</span><span class="text__unit-cost">(<!-- -->100g당 556원<!-- -->)</span></span></span><span class="box__itemcard-info-score"><span class="sprite__smilefresh--before box__score-awards"><span class="for-a11y">평점</span><span class="text text__score">4.7</span><span class="for-a11y">후기</span><span class="text text__num">(599)</span><span class="for-a11y">건</span></span><span class="box__score-buycnt"><span class="text text__buy">구매</span><span class="text text__num">1,245</span><span class="for-a11y">건</span></span></span><span class="box__itemcard-benefit-tag"><span class="box__tag box__tag-coupon"><span class="sprite__smilefresh--before box__inner">15% 쿠폰</span></span></span></a><button type="button" class="sprite__smilefresh--after button__favorite-item" aria-describedby="itemCard_title_2970764267" aria-pressed="false" aria-label="관심상품 등록하기"></button></div></div></div></div></li><li class="list-item"><div class="box__itemcard-container"><div class="box__itemcard-body"><div class="box__itemcard-inner"><span class="box__thumbnail__label">75</span><a class="link__itemcard" href="https://item.gmarket.co.kr/Item?goodscode=2518611648" tabindex="-1" aria-hidden="true"><span class="box__itemcard-img"><img class="image__itemcard no-js-400?ver=1725090512" src="data:image/gif;base64,R0lGODlhAQABAIAAAP///wAAACH5BAEAAAAALAAAAAABAAEAAAICRAEAOw==" alt="보르게스 올리브오일1L - 상품 이미지"/><noscript><style>.no-js-400?ver=1725090512 { display: none !important; }</style><img class="image__itemcard" src="https://gdimg.gmarket.co.kr/2518611648/still/400?ver=1725090512" alt="보르게스 올리브오일1L - 상품 이미지"/></noscript></span></a><div class="box__itemcard-info"><div class="box__element-info"><div class="element-info-qty"><button aria-describedby="itemCard_title_2518611648" class="sprite__smilefresh--before element-info-qty-minus" aria-disabled="true"><span class="for-a11y">상품 수 <!-- -->1<!-- --> 감소</span></button><span class="element-info-item-qty" aria-describedby="itemCard_title_2518611648"><span class="for-a11y">선택된 수량</span> <!-- -->1</span><button aria-describedby="itemCard_title_2518611648" class="sprite__smilefresh--before element-info-qty-plus"><span class="for-a11y">상품 수 <!-- -->1<!-- --> 증가</span></button></div><button type="button" class="sprite__smilefresh--before element-info-cart" aria-describedby="itemCard_title_2518611648"><span class="for-a11y">장바구니 담기</span></button></div><a href="https://item.gmarket.co.kr/Item?goodscode=2518611648" class="link__itemcard-info"><span class="box__itemcard-title-area" id="itemCard_title_2518611648"><span class="text__brand"><span class="text">보르게스</span></span><span class="text__title" id="item_title">보르게스 올리브오일1L</span></span><span class="box__itemcard-price-area"><span class="box__price-seller"><span class="for-a11y">판매가</span><strong class="text__price-seller">33,400</strong><span class="text__unit">원</span></span><span class="box__prime-cost"><span class="for-a11y">원가</span><span class="text__unit-cost">(<!-- -->100mL당 3,340원<!-- -->)</span></span></span><span class="box__itemcard-info-score"><span class="sprite__smilefresh--before box__score-awards"><span class="for-a11y">평점</span><span class="text text__score">4.7</span><span class="for-a11y">후기</span><span class="text text__num">(62)</span><span class="for-a11y">건</span></span><span class="box__score-buycnt"><span class="text text__buy">구매</span><span class="text text__num">212</span><span class="for-a11y">건</span></span></span><span class="box__itemcard-benefit-tag"><span class="box__tag box__tag-coupon"><span class="sprite__smilefresh--before box__inner">15% 쿠폰</span></span></span></a><button type="button" class="sprite__smilefresh--after button__favorite-item" aria-describedby="itemCard_title_2518611648" aria-pressed="false" aria-label="관심상품 등록하기"></button></div></div></div></div></li><li class="list-item"><div class="box__itemcard-container"><div class="box__itemcard-body"><div class="box__itemcard-inner"><span class="box__thumbnail__label">76</span><a class="link__itemcard" href="https://item.gmarket.co.kr/Item?goodscode=2518492732" tabindex="-1" aria-hidden="true"><span class="box__itemcard-img"><img class="image__itemcard no-js-400?ver=1725092757" src="data:image/gif;base64,R0lGODlhAQABAIAAAP///wAAACH5BAEAAAAALAAAAAABAAEAAAICRAEAOw==" alt="오뚜기 순후추 100g - 상품 이미지"/><noscript><style>.no-js-400?ver=1725092757 { display: none !important; }</style><img class="image__itemcard" src="https://gdimg.gmarket.co.kr/2518492732/still/400?ver=1725092757" alt="오뚜기 순후추 100g - 상품 이미지"/></noscript></span></a><div class="box__itemcard-info"><div class="box__element-info"><div class="element-info-qty"><button aria-describedby="itemCard_title_2518492732" class="sprite__smilefresh--before element-info-qty-minus" aria-disabled="true"><span class="for-a11y">상품 수 <!-- -->1<!-- --> 감소</span></button><span class="element-info-item-qty" aria-describedby="itemCard_title_2518492732"><span class="for-a11y">선택된 수량</span> <!-- -->1</span><button aria-describedby="itemCard_title_2518492732" class="sprite__smilefresh--before element-info-qty-plus"><span class="for-a11y">상품 수 <!-- -->1<!-- --> 증가</span></button></div><button type="button" class="sprite__smilefresh--before element-info-cart" aria-describedby="itemCard_title_2518492732"><span class="for-a11y">장바구니 담기</span></button></div><a href="https://item.gmarket.co.kr/Item?goodscode=2518492732" class="link__itemcard-info"><span class="box__itemcard-title-area" id="itemCard_title_2518492732"><span class="text__brand"><span class="text">오뚜기</span></span><span class="text__title" id="item_title">오뚜기 순후추 100g</span></span><span class="box__itemcard-price-area"><span class="box__price-seller"><span class="for-a11y">판매가</span><strong class="text__price-seller">7,180</strong><span class="text__unit">원</span></span><span class="box__prime-cost"><span class="for-a11y">원가</span><span class="text__unit-cost">(<!-- -->10g당 718원<!-- -->)</span></span></span><span class="box__itemcard-info-score"><span class="sprite__smilefresh--before box__score-awards"><span class="for-a11y">평점</span><span class="text text__score">4.8</span><span class="for-a11y">후기</span><span class="text text__num">(1,296)</span><span class="for-a11y">건</span></span><span class="box__score-buycnt"><span class="text text__buy">구매</span><span class="text text__num">3,316</span><span class="for-a11y">건</span></span></span><span class="box__itemcard-benefit-tag"><span class="box__tag box__tag-coupon"><span class="sprite__smilefresh--before box__inner">15% 쿠폰</span></span></span></a><button type="button" class="sprite__smilefresh--after button__favorite-item" aria-describedby="itemCard_title_2518492732" aria-pressed="false" aria-label="관심상품 등록하기"></button></div></div></div></div></li><li class="list-item"><div class="box__itemcard-container"><div class="box__itemcard-body"><div class="box__itemcard-inner"><span class="box__thumbnail__label">77</span><a class="link__itemcard" href="https://item.gmarket.co.kr/Item?goodscode=2518785999" tabindex="-1" aria-hidden="true"><span class="box__itemcard-img"><img class="image__itemcard no-js-400?ver=1725111773" src="data:image/gif;base64,R0lGODlhAQABAIAAAP///wAAACH5BAEAAAAALAAAAAABAAEAAAICRAEAOw==" alt="풀무원 정통순두부찌개양념 140g4 - 상품 이미지"/><noscript><style>.no-js-400?ver=1725111773 { display: none !important; }</style><img class="image__itemcard" src="https://gdimg.gmarket.co.kr/2518785999/still/400?ver=1725111773" alt="풀무원 정통순두부찌개양념 140g4 - 상품 이미지"/></noscript></span></a><div class="box__itemcard-info"><div class="box__element-info"><div class="element-info-qty"><button aria-describedby="itemCard_title_2518785999" class="sprite__smilefresh--before element-info-qty-minus" aria-disabled="true"><span class="for-a11y">상품 수 <!-- -->1<!-- --> 감소</span></button><span class="element-info-item-qty" aria-describedby="itemCard_title_2518785999"><span class="for-a11y">선택된 수량</span> <!-- -->1</span><button aria-describedby="itemCard_title_2518785999" class="sprite__smilefresh--before element-info-qty-plus"><span class="for-a11y">상품 수 <!-- -->1<!-- --> 증가</span></button></div><button type="button" class="sprite__smilefresh--before element-info-cart" aria-describedby="itemCard_title_2518785999"><span class="for-a11y">장바구니 담기</span></button></div><a href="https://item.gmarket.co.kr/Item?goodscode=2518785999" class="link__itemcard-info"><span class="box__itemcard-title-area" id="itemCard_title_2518785999"><span class="text__brand"><span class="text">풀무원</span></span><span class="text__title" id="item_title">풀무원 정통순두부찌개양념 140g4</span></span><span class="box__itemcard-price-area"><span class="box__price-seller"><span class="for-a11y">판매가</span><strong class="text__price-seller">5,980</strong><span class="text__unit">원</span></span><span class="box__prime-cost"><span class="for-a11y">원가</span><span class="text__unit-cost">(<!-- -->100g당 1,068원<!-- -->)</span></span></span><span class="box__itemcard-info-score"><span class="sprite__smilefresh--before box__score-awards"><span class="for-a11y">평점</span><span class="text text__score">4.8</span><span class="for-a11y">후기</span><span class="text text__num">(1,112)</span><span class="for-a11y">건</span></span><span class="box__score-buycnt"><span class="text text__buy">구매</span><span class="text text__num">2,735</span><span class="for-a11y">건</span></span></span><span class="box__itemcard-benefit-tag"><span class="box__tag box__tag-coupon"><span class="sprite__smilefresh--before box__inner">15% 쿠폰</span></span></span></a><button type="button" class="sprite__smilefresh--after button__favorite-item" aria-describedby="itemCard_title_2518785999" aria-pressed="false" aria-label="관심상품 등록하기"></button></div></div></div></div></li><li class="list-item"><div class="box__itemcard-container"><div class="box__itemcard-body"><div class="box__itemcard-inner"><span class="box__thumbnail__label">78</span><a class="link__itemcard" href="https://item.gmarket.co.kr/Item?goodscode=2518947410" tabindex="-1" aria-hidden="true"><span class="box__itemcard-img"><img class="image__itemcard no-js-400?ver=1725092398" src="data:image/gif;base64,R0lGODlhAQABAIAAAP///wAAACH5BAEAAAAALAAAAAABAAEAAAICRAEAOw==" alt="오뚜기 양조식초 900ml - 상품 이미지"/><noscript><style>.no-js-400?ver=1725092398 { display: none !important; }</style><img class="image__itemcard" src="https://gdimg.gmarket.co.kr/2518947410/still/400?ver=1725092398" alt="오뚜기 양조식초 900ml - 상품 이미지"/></noscript></span></a><div class="box__itemcard-info"><div class="box__element-info"><div class="element-info-qty"><button aria-describedby="itemCard_title_2518947410" class="sprite__smilefresh--before element-info-qty-minus" aria-disabled="true"><span class="for-a11y">상품 수 <!-- -->1<!-- --> 감소</span></button><span class="element-info-item-qty" aria-describedby="itemCard_title_2518947410"><span class="for-a11y">선택된 수량</span> <!-- -->1</span><button aria-describedby="itemCard_title_2518947410" class="sprite__smilefresh--before element-info-qty-plus"><span class="for-a11y">상품 수 <!-- -->1<!-- --> 증가</span></button></div><button type="button" class="sprite__smilefresh--before element-info-cart" aria-describedby="itemCard_title_2518947410"><span class="for-a11y">장바구니 담기</span></button></div><a href="https://item.gmarket.co.kr/Item?goodscode=2518947410" class="link__itemcard-info"><span class="box__itemcard-title-area" id="itemCard_title_2518947410"><span class="text__brand"><span class="text">오뚜기</span></span><span class="text__title" id="item_title">오뚜기 양조식초 900ml</span></span><span class="box__itemcard-price-area"><span class="box__price-seller"><span class="for-a11y">판매가</span><strong class="text__price-seller">1,700</strong><span class="text__unit">원</span></span><span class="box__prime-cost"><span class="for-a11y">원가</span><span class="text__unit-cost">(<!-- -->10mL당 19원<!-- -->)</span></span></span><span class="box__itemcard-info-score"><span class="sprite__smilefresh--before box__score-awards"><span class="for-a11y">평점</span><span class="text text__score">4.7</span><span class="for-a11y">후기</span><span class="text text__num">(1,084)</span><span class="for-a11y">건</span></span><span class="box__score-buycnt"><span class="text text__buy">구매</span><span class="text text__num">3,603</span><span class="for-a11y">건</span></span></span><span class="box__itemcard-benefit-tag"><span class="box__tag box__tag-coupon"><span class="sprite__smilefresh--before box__inner">15% 쿠폰</span></span></span></a><button type="button" class="sprite__smilefresh--after button__favorite-item" aria-describedby="itemCard_title_2518947410" aria-pressed="false" aria-label="관심상품 등록하기"></button></div></div></div></div></li><li class="list-item"><div class="box__itemcard-container"><div class="box__itemcard-body"><div class="box__itemcard-inner"><span class="box__thumbnail__label">79</span><a class="link__itemcard" href="https://item.gmarket.co.kr/Item?goodscode=2519628617" tabindex="-1" aria-hidden="true"><span class="box__itemcard-img"><img class="image__itemcard no-js-400?ver=1725100863" src="data:image/gif;base64,R0lGODlhAQABAIAAAP///wAAACH5BAEAAAAALAAAAAABAAEAAAICRAEAOw==" alt="노브랜드 볶음깨소금 250g - 상품 이미지"/><noscript><style>.no-js-400?ver=1725100863 { display: none !important; }</style><img class="image__itemcard" src="https://gdimg.gmarket.co.kr/2519628617/still/400?ver=1725100863" alt="노브랜드 볶음깨소금 250g - 상품 이미지"/></noscript></span></a><div class="box__itemcard-info"><div class="box__element-info"><div class="element-info-qty"><button aria-describedby="itemCard_title_2519628617" class="sprite__smilefresh--before element-info-qty-minus" aria-disabled="true"><span class="for-a11y">상품 수 <!-- -->1<!-- --> 감소</span></button><span class="element-info-item-qty" aria-describedby="itemCard_title_2519628617"><span class="for-a11y">선택된 수량</span> <!-- -->1</span><button aria-describedby="itemCard_title_2519628617" class="sprite__smilefresh--before element-info-qty-plus"><span class="for-a11y">상품 수 <!-- -->1<!-- --> 증가</span></button></div><button type="button" class="sprite__smilefresh--before element-info-cart" aria-describedby="itemCard_title_2519628617"><span class="for-a11y">장바구니 담기</span></button></div><a href="https://item.gmarket.co.kr/Item?goodscode=2519628617" class="link__itemcard-info"><span class="box__itemcard-title-area" id="itemCard_title_2519628617"><span class="text__brand"><span class="text">노브랜드</span></span><span class="text__title" id="item_title">노브랜드 볶음깨소금 250g</span></span><span class="box__itemcard-price-area"><span class="box__price-seller"><span class="for-a11y">판매가</span><strong class="text__price-seller">4,980</strong><span class="text__unit">원</span></span><span class="box__prime-cost"><span class="for-a11y">원가</span><span class="text__unit-cost">(<!-- -->100g당 1,992원<!-- -->)</span></span></span><span class="box__itemcard-info-score"><span class="sprite__smilefresh--before box__score-awards"><span class="for-a11y">평점</span><span class="text text__score">4.7</span><span class="for-a11y">후기</span><span class="text text__num">(1,110)</span><span class="for-a11y">건</span></span><span class="box__score-buycnt"><span class="text text__buy">구매</span><span class="text text__num">2,690</span><span class="for-a11y">건</span></span></span></a><button type="button" class="sprite__smilefresh--after button__favorite-item" aria-describedby="itemCard_title_2519628617" aria-pressed="false" aria-label="관심상품 등록하기"></button></div></div></div></div></li><li class="list-item"><div class="box__itemcard-container"><div class="box__itemcard-body"><div class="box__itemcard-inner"><span class="box__thumbnail__label">80</span><a class="link__itemcard" href="https://item.gmarket.co.kr/Item?goodscode=2523338283" tabindex="-1" aria-hidden="true"><span class="box__itemcard-img"><img class="image__itemcard no-js-400?ver=1725100307" src="data:image/gif;base64,R0lGODlhAQABAIAAAP///wAAACH5BAEAAAAALAAAAAABAAEAAAICRAEAOw==" alt="노브랜드 하얀설탕 2kg - 상품 이미지"/><noscript><style>.no-js-400?ver=1725100307 { display: none !important; }</style><img class="image__itemcard" src="https://gdimg.gmarket.co.kr/2523338283/still/400?ver=1725100307" alt="노브랜드 하얀설탕 2kg - 상품 이미지"/></noscript></span></a><div class="box__itemcard-info"><div class="box__element-info"><div class="element-info-qty"><button aria-describedby="itemCard_title_2523338283" class="sprite__smilefresh--before element-info-qty-minus" aria-disabled="true"><span class="for-a11y">상품 수 <!-- -->1<!-- --> 감소</span></button><span class="element-info-item-qty" aria-describedby="itemCard_title_2523338283"><span class="for-a11y">선택된 수량</span> <!-- -->1</span><button aria-describedby="itemCard_title_2523338283" class="sprite__smilefresh--before element-info-qty-plus"><span class="for-a11y">상품 수 <!-- -->1<!-- --> 증가</span></button></div><button type="button" class="sprite__smilefresh--before element-info-cart" aria-describedby="itemCard_title_2523338283"><span class="for-a11y">장바구니 담기</span></button></div><a href="https://item.gmarket.co.kr/Item?goodscode=2523338283" class="link__itemcard-info"><span class="box__itemcard-title-area" id="itemCard_title_2523338283"><span class="text__brand"><span class="text">노브랜드</span></span><span class="text__title" id="item_title">노브랜드 하얀설탕 2kg</span></span><span class="box__itemcard-price-area"><span class="box__price-seller"><span class="for-a11y">판매가</span><strong class="text__price-seller">3,780</strong><span class="text__unit">원</span></span><span class="box__prime-cost"><span class="for-a11y">원가</span><span class="text__unit-cost">(<!-- -->100g당 189원<!-- -->)</span></span></span><span class="box__itemcard-info-score"><span class="sprite__smilefresh--before box__score-awards"><span class="for-a11y">평점</span><span class="text text__score">4.8</span><span class="for-a11y">후기</span><span class="text text__num">(2,687)</span><span class="for-a11y">건</span></span><span class="box__score-buycnt"><span class="text text__buy">구매</span><span class="text text__num">6,147</span><span class="for-a11y">건</span></span></span></a><button type="button" class="sprite__smilefresh--after button__favorite-item" aria-describedby="itemCard_title_2523338283" aria-pressed="false" aria-label="관심상품 등록하기"></button></div></div></div></div></li><li class="list-item"><div class="box__itemcard-container"><div class="box__itemcard-body"><div class="box__itemcard-inner"><span class="box__thumbnail__label">81</span><a class="link__itemcard" href="https://item.gmarket.co.kr/Item?goodscode=2554386642" tabindex="-1" aria-hidden="true"><span class="box__itemcard-img"><img class="image__itemcard no-js-400?ver=1725124035" src="data:image/gif;base64,R0lGODlhAQABAIAAAP///wAAACH5BAEAAAAALAAAAAABAAEAAAICRAEAOw==" alt="노브랜드 껍질벗긴 들깨가루 300g - 상품 이미지"/><noscript><style>.no-js-400?ver=1725124035 { display: none !important; }</style><img class="image__itemcard" src="https://gdimg.gmarket.co.kr/2554386642/still/400?ver=1725124035" alt="노브랜드 껍질벗긴 들깨가루 300g - 상품 이미지"/></noscript></span></a><div class="box__itemcard-info"><div class="box__element-info"><div class="element-info-qty"><button aria-describedby="itemCard_title_2554386642" class="sprite__smilefresh--before element-info-qty-minus" aria-disabled="true"><span class="for-a11y">상품 수 <!-- -->1<!-- --> 감소</span></button><span class="element-info-item-qty" aria-describedby="itemCard_title_2554386642"><span class="for-a11y">선택된 수량</span> <!-- -->1</span><button aria-describedby="itemCard_title_2554386642" class="sprite__smilefresh--before element-info-qty-plus"><span class="for-a11y">상품 수 <!-- -->1<!-- --> 증가</span></button></div><button type="button" class="sprite__smilefresh--before element-info-cart" aria-describedby="itemCard_title_2554386642"><span class="for-a11y">장바구니 담기</span></button></div><a href="https://item.gmarket.co.kr/Item?goodscode=2554386642" class="link__itemcard-info"><span class="box__itemcard-title-area" id="itemCard_title_2554386642"><span class="text__title" id="item_title">노브랜드 껍질벗긴 들깨가루 300g</span></span><span class="box__itemcard-price-area"><span class="box__price-seller"><span class="for-a11y">판매가</span><strong class="text__price-seller">7,880</strong><span class="text__unit">원</span></span></span><span class="box__itemcard-info-score"><span class="sprite__smilefresh--before box__score-awards"><span class="for-a11y">평점</span><span class="text text__score">4.7</span><span class="for-a11y">후기</span><span class="text text__num">(765)</span><span class="for-a11y">건</span></span><span class="box__score-buycnt"><span class="text text__buy">구매</span><span class="text text__num">1,626</span><span class="for-a11y">건</span></span></span></a><button type="button" class="sprite__smilefresh--after button__favorite-item" aria-describedby="itemCard_title_2554386642" aria-pressed="false" aria-label="관심상품 등록하기"></button></div></div></div></div></li><li class="list-item"><div class="box__itemcard-container"><div class="box__itemcard-body"><div class="box__itemcard-inner"><span class="box__thumbnail__label">82</span><a class="link__itemcard" href="https://item.gmarket.co.kr/Item?goodscode=3951418128" tabindex="-1" aria-hidden="true"><span class="box__itemcard-img"><img class="image__itemcard no-js-400?ver=1725092601" src="data:image/gif;base64,R0lGODlhAQABAIAAAP///wAAACH5BAEAAAAALAAAAAABAAEAAAICRAEAOw==" alt="오뚜기 사과식초 900ml - 상품 이미지"/><noscript><style>.no-js-400?ver=1725092601 { display: none !important; }</style><img class="image__itemcard" src="https://gdimg.gmarket.co.kr/3951418128/still/400?ver=1725092601" alt="오뚜기 사과식초 900ml - 상품 이미지"/></noscript></span></a><div class="box__itemcard-info"><div class="box__element-info"><div class="element-info-qty"><button aria-describedby="itemCard_title_3951418128" class="sprite__smilefresh--before element-info-qty-minus" aria-disabled="true"><span class="for-a11y">상품 수 <!-- -->1<!-- --> 감소</span></button><span class="element-info-item-qty" aria-describedby="itemCard_title_3951418128"><span class="for-a11y">선택된 수량</span> <!-- -->1</span><button aria-describedby="itemCard_title_3951418128" class="sprite__smilefresh--before element-info-qty-plus"><span class="for-a11y">상품 수 <!-- -->1<!-- --> 증가</span></button></div><button type="button" class="sprite__smilefresh--before element-info-cart" aria-describedby="itemCard_title_3951418128"><span class="for-a11y">장바구니 담기</span></button></div><a href="https://item.gmarket.co.kr/Item?goodscode=3951418128" class="link__itemcard-info"><span class="box__itemcard-title-area" id="itemCard_title_3951418128"><span class="text__brand"><span class="text">오뚜기</span></span><span class="text__title" id="item_title">오뚜기 사과식초 900ml</span></span><span class="box__itemcard-price-area"><span class="box__price-seller"><span class="for-a11y">판매가</span><strong class="text__price-seller">2,880</strong><span class="text__unit">원</span></span><span class="box__prime-cost"><span class="for-a11y">원가</span><span class="text__unit-cost">(<!-- -->10mL당 32원<!-- -->)</span></span></span><span class="box__itemcard-info-score"><span class="sprite__smilefresh--before box__score-awards"><span class="for-a11y">평점</span><span class="text text__score">4.7</span><span class="for-a11y">후기</span><span class="text text__num">(169)</span><span class="for-a11y">건</span></span><span class="box__score-buycnt"><span class="text text__buy">구매</span><span class="text text__num">536</span><span class="for-a11y">건</span></span></span><span class="box__itemcard-benefit-tag"><span class="box__tag box__tag-coupon"><span class="sprite__smilefresh--before box__inner">15% 쿠폰</span></span></span></a><button type="button" class="sprite__smilefresh--after button__favorite-item" aria-describedby="itemCard_title_3951418128" aria-pressed="false" aria-label="관심상품 등록하기"></button></div></div></div></div></li><li class="list-item"><div class="box__itemcard-container"><div class="box__itemcard-body"><div class="box__itemcard-inner"><span class="box__thumbnail__label">83</span><a class="link__itemcard" href="https://item.gmarket.co.kr/Item?goodscode=2519402826" tabindex="-1" aria-hidden="true"><span class="box__itemcard-img"><img class="image__itemcard no-js-400?ver=1725100433" src="data:image/gif;base64,R0lGODlhAQABAIAAAP///wAAACH5BAEAAAAALAAAAAABAAEAAAICRAEAOw==" alt="피코크 국산 생 들기름 250ml - 상품 이미지"/><noscript><style>.no-js-400?ver=1725100433 { display: none !important; }</style><img class="image__itemcard" src="https://gdimg.gmarket.co.kr/2519402826/still/400?ver=1725100433" alt="피코크 국산 생 들기름 250ml - 상품 이미지"/></noscript></span></a><div class="box__itemcard-info"><div class="box__element-info"><div class="element-info-qty"><button aria-describedby="itemCard_title_2519402826" class="sprite__smilefresh--before element-info-qty-minus" aria-disabled="true"><span class="for-a11y">상품 수 <!-- -->1<!-- --> 감소</span></button><span class="element-info-item-qty" aria-describedby="itemCard_title_2519402826"><span class="for-a11y">선택된 수량</span> <!-- -->1</span><button aria-describedby="itemCard_title_2519402826" class="sprite__smilefresh--before element-info-qty-plus"><span class="for-a11y">상품 수 <!-- -->1<!-- --> 증가</span></button></div><button type="button" class="sprite__smilefresh--before element-info-cart" aria-describedby="itemCard_title_2519402826"><span class="for-a11y">장바구니 담기</span></button></div><a href="https://item.gmarket.co.kr/Item?goodscode=2519402826" class="link__itemcard-info"><span class="box__itemcard-title-area" id="itemCard_title_2519402826"><span class="text__brand"><span class="text">피코크</span></span><span class="text__title" id="item_title">피코크 국산 생 들기름 250ml</span></span><span class="box__itemcard-price-area"><span class="box__price-seller"><span class="for-a11y">판매가</span><strong class="text__price-seller">27,800</strong><span class="text__unit">원</span></span><span class="box__prime-cost"><span class="for-a11y">원가</span><span class="text__unit-cost">(<!-- -->100mL당 11,120원<!-- -->)</span></span></span><span class="box__itemcard-info-score"><span class="sprite__smilefresh--before box__score-awards"><span class="for-a11y">평점</span><span class="text text__score">4.6</span><span class="for-a11y">후기</span><span class="text text__num">(119)</span><span class="for-a11y">건</span></span><span class="box__score-buycnt"><span class="text text__buy">구매</span><span class="text text__num">364</span><span class="for-a11y">건</span></span></span><span class="box__itemcard-benefit-tag"><span class="box__tag box__tag-coupon"><span class="sprite__smilefresh--before box__inner">15% 쿠폰</span></span></span></a><button type="button" class="sprite__smilefresh--after button__favorite-item" aria-describedby="itemCard_title_2519402826" aria-pressed="false" aria-label="관심상품 등록하기"></button></div></div></div></div></li><li class="list-item"><div class="box__itemcard-container"><div class="box__itemcard-body"><div class="box__itemcard-inner"><span class="box__thumbnail__label">84</span><a class="link__itemcard" href="https://item.gmarket.co.kr/Item?goodscode=2522836528" tabindex="-1" aria-hidden="true"><span class="box__itemcard-img"><img class="image__itemcard no-js-400?ver=1725100605" src="data:image/gif;base64,R0lGODlhAQABAIAAAP///wAAACH5BAEAAAAALAAAAAABAAEAAAICRAEAOw==" alt="노브랜드 신안천일염 2.5kg - 상품 이미지"/><noscript><style>.no-js-400?ver=1725100605 { display: none !important; }</style><img class="image__itemcard" src="https://gdimg.gmarket.co.kr/2522836528/still/400?ver=1725100605" alt="노브랜드 신안천일염 2.5kg - 상품 이미지"/></noscript></span></a><div class="box__itemcard-info"><div class="box__element-info"><div class="element-info-qty"><button aria-describedby="itemCard_title_2522836528" class="sprite__smilefresh--before element-info-qty-minus" aria-disabled="true"><span class="for-a11y">상품 수 <!-- -->1<!-- --> 감소</span></button><span class="element-info-item-qty" aria-describedby="itemCard_title_2522836528"><span class="for-a11y">선택된 수량</span> <!-- -->1</span><button aria-describedby="itemCard_title_2522836528" class="sprite__smilefresh--before element-info-qty-plus"><span class="for-a11y">상품 수 <!-- -->1<!-- --> 증가</span></button></div><button type="button" class="sprite__smilefresh--before element-info-cart" aria-describedby="itemCard_title_2522836528"><span class="for-a11y">장바구니 담기</span></button></div><a href="https://item.gmarket.co.kr/Item?goodscode=2522836528" class="link__itemcard-info"><span class="box__itemcard-title-area" id="itemCard_title_2522836528"><span class="text__brand"><span class="text">노브랜드</span></span><span class="text__title" id="item_title">노브랜드 신안천일염 2.5kg</span></span><span class="box__itemcard-price-area"><span class="box__price-seller"><span class="for-a11y">판매가</span><strong class="text__price-seller">5,850</strong><span class="text__unit">원</span></span><span class="box__prime-cost"><span class="for-a11y">원가</span><span class="text__unit-cost">(<!-- -->100g당 234원<!-- -->)</span></span></span><span class="box__itemcard-info-score"><span class="sprite__smilefresh--before box__score-awards"><span class="for-a11y">평점</span><span class="text text__score">4.8</span><span class="for-a11y">후기</span><span class="text text__num">(834)</span><span class="for-a11y">건</span></span><span class="box__score-buycnt"><span class="text text__buy">구매</span><span class="text text__num">1,834</span><span class="for-a11y">건</span></span></span></a><button type="button" class="sprite__smilefresh--after button__favorite-item" aria-describedby="itemCard_title_2522836528" aria-pressed="false" aria-label="관심상품 등록하기"></button></div></div></div></div></li><li class="list-item"><div class="box__itemcard-container"><div class="box__itemcard-body"><div class="box__itemcard-inner"><span class="box__thumbnail__label">85</span><a class="link__itemcard" href="https://item.gmarket.co.kr/Item?goodscode=2522418401" tabindex="-1" aria-hidden="true"><span class="box__itemcard-img"><img class="image__itemcard no-js-400?ver=1725101477" src="data:image/gif;base64,R0lGODlhAQABAIAAAP///wAAACH5BAEAAAAALAAAAAABAAEAAAICRAEAOw==" alt="피코크 마요네즈300g - 상품 이미지"/><noscript><style>.no-js-400?ver=1725101477 { display: none !important; }</style><img class="image__itemcard" src="https://gdimg.gmarket.co.kr/2522418401/still/400?ver=1725101477" alt="피코크 마요네즈300g - 상품 이미지"/></noscript></span></a><div class="box__itemcard-info"><div class="box__element-info"><div class="element-info-qty"><button aria-describedby="itemCard_title_2522418401" class="sprite__smilefresh--before element-info-qty-minus" aria-disabled="true"><span class="for-a11y">상품 수 <!-- -->1<!-- --> 감소</span></button><span class="element-info-item-qty" aria-describedby="itemCard_title_2522418401"><span class="for-a11y">선택된 수량</span> <!-- -->1</span><button aria-describedby="itemCard_title_2522418401" class="sprite__smilefresh--before element-info-qty-plus"><span class="for-a11y">상품 수 <!-- -->1<!-- --> 증가</span></button></div><button type="button" class="sprite__smilefresh--before element-info-cart" aria-describedby="itemCard_title_2522418401"><span class="for-a11y">장바구니 담기</span></button></div><a href="https://item.gmarket.co.kr/Item?goodscode=2522418401" class="link__itemcard-info"><span class="box__itemcard-title-area" id="itemCard_title_2522418401"><span class="text__brand"><span class="text">피코크</span></span><span class="text__title" id="item_title">피코크 마요네즈300g</span></span><span class="box__itemcard-price-area"><span class="box__price-seller"><span class="for-a11y">판매가</span><strong class="text__price-seller">3,480</strong><span class="text__unit">원</span></span><span class="box__prime-cost"><span class="for-a11y">원가</span><span class="text__unit-cost">(<!-- -->100g당 1,160원<!-- -->)</span></span></span><span class="box__itemcard-info-score"><span class="sprite__smilefresh--before box__score-awards"><span class="for-a11y">평점</span><span class="text text__score">4.7</span><span class="for-a11y">후기</span><span class="text text__num">(1,092)</span><span class="for-a11y">건</span></span><span class="box__score-buycnt"><span class="text text__buy">구매</span><span class="text text__num">3,386</span><span class="for-a11y">건</span></span></span><span class="box__itemcard-benefit-tag"><span class="box__tag box__tag-coupon"><span class="sprite__smilefresh--before box__inner">15% 쿠폰</span></span></span></a><button type="button" class="sprite__smilefresh--after button__favorite-item" aria-describedby="itemCard_title_2522418401" aria-pressed="false" aria-label="관심상품 등록하기"></button></div></div></div></div></li><li class="list-item"><div class="box__itemcard-container"><div class="box__itemcard-body"><div class="box__itemcard-inner"><span class="box__thumbnail__label">86</span><a class="link__itemcard" href="https://item.gmarket.co.kr/Item?goodscode=2518405764" tabindex="-1" aria-hidden="true"><span class="box__itemcard-img"><img class="image__itemcard no-js-400?ver=1725092410" src="data:image/gif;base64,R0lGODlhAQABAIAAAP///wAAACH5BAEAAAAALAAAAAABAAEAAAICRAEAOw==" alt="청정원 순창 쌈장 500g - 상품 이미지"/><noscript><style>.no-js-400?ver=1725092410 { display: none !important; }</style><img class="image__itemcard" src="https://gdimg.gmarket.co.kr/2518405764/still/400?ver=1725092410" alt="청정원 순창 쌈장 500g - 상품 이미지"/></noscript></span></a><div class="box__itemcard-info"><div class="box__element-info"><div class="element-info-qty"><button aria-describedby="itemCard_title_2518405764" class="sprite__smilefresh--before element-info-qty-minus" aria-disabled="true"><span class="for-a11y">상품 수 <!-- -->1<!-- --> 감소</span></button><span class="element-info-item-qty" aria-describedby="itemCard_title_2518405764"><span class="for-a11y">선택된 수량</span> <!-- -->1</span><button aria-describedby="itemCard_title_2518405764" class="sprite__smilefresh--before element-info-qty-plus"><span class="for-a11y">상품 수 <!-- -->1<!-- --> 증가</span></button></div><button type="button" class="sprite__smilefresh--before element-info-cart" aria-describedby="itemCard_title_2518405764"><span class="for-a11y">장바구니 담기</span></button></div><a href="https://item.gmarket.co.kr/Item?goodscode=2518405764" class="link__itemcard-info"><span class="box__itemcard-title-area" id="itemCard_title_2518405764"><span class="text__brand"><span class="text">청정원</span></span><span class="text__title" id="item_title">청정원 순창 쌈장 500g</span></span><span class="box__itemcard-price-area"><span class="box__price-seller"><span class="for-a11y">판매가</span><strong class="text__price-seller">5,140</strong><span class="text__unit">원</span></span><span class="box__prime-cost"><span class="for-a11y">원가</span><span class="text__unit-cost">(<!-- -->100g당 1,028원<!-- -->)</span></span></span><span class="box__itemcard-info-score"><span class="sprite__smilefresh--before box__score-awards"><span class="for-a11y">평점</span><span class="text text__score">4.8</span><span class="for-a11y">후기</span><span class="text text__num">(1,297)</span><span class="for-a11y">건</span></span><span class="box__score-buycnt"><span class="text text__buy">구매</span><span class="text text__num">4,693</span><span class="for-a11y">건</span></span></span><span class="box__itemcard-benefit-tag"><span class="box__tag box__tag-coupon"><span class="sprite__smilefresh--before box__inner">15% 쿠폰</span></span></span></a><button type="button" class="sprite__smilefresh--after button__favorite-item" aria-describedby="itemCard_title_2518405764" aria-pressed="false" aria-label="관심상품 등록하기"></button></div></div></div></div></li><li class="list-item"><div class="box__itemcard-container"><div class="box__itemcard-body"><div class="box__itemcard-inner"><span class="box__thumbnail__label">87</span><a class="link__itemcard" href="https://item.gmarket.co.kr/Item?goodscode=2518478827" tabindex="-1" aria-hidden="true"><span class="box__itemcard-img"><img class="image__itemcard no-js-400?ver=1725092513" src="data:image/gif;base64,R0lGODlhAQABAIAAAP///wAAACH5BAEAAAAALAAAAAABAAEAAAICRAEAOw==" alt="백설  통감자를 갈아넣은 바삭 부침가루 1kg - 상품 이미지"/><noscript><style>.no-js-400?ver=1725092513 { display: none !important; }</style><img class="image__itemcard" src="https://gdimg.gmarket.co.kr/2518478827/still/400?ver=1725092513" alt="백설  통감자를 갈아넣은 바삭 부침가루 1kg - 상품 이미지"/></noscript></span></a><div class="box__itemcard-info"><div class="box__element-info"><div class="element-info-qty"><button aria-describedby="itemCard_title_2518478827" class="sprite__smilefresh--before element-info-qty-minus" aria-disabled="true"><span class="for-a11y">상품 수 <!-- -->1<!-- --> 감소</span></button><span class="element-info-item-qty" aria-describedby="itemCard_title_2518478827"><span class="for-a11y">선택된 수량</span> <!-- -->1</span><button aria-describedby="itemCard_title_2518478827" class="sprite__smilefresh--before element-info-qty-plus"><span class="for-a11y">상품 수 <!-- -->1<!-- --> 증가</span></button></div><button type="button" class="sprite__smilefresh--before element-info-cart" aria-describedby="itemCard_title_2518478827"><span class="for-a11y">장바구니 담기</span></button></div><a href="https://item.gmarket.co.kr/Item?goodscode=2518478827" class="link__itemcard-info"><span class="box__itemcard-title-area" id="itemCard_title_2518478827"><span class="text__brand"><span class="text">백설</span></span><span class="text__title" id="item_title">백설  통감자를 갈아넣은 바삭 부침가루 1kg</span></span><span class="box__itemcard-price-area"><span class="box__price-seller"><span class="for-a11y">판매가</span><strong class="text__price-seller">3,280</strong><span class="text__unit">원</span></span><span class="box__prime-cost"><span class="for-a11y">원가</span><span class="text__unit-cost">(<!-- -->100g당 328원<!-- -->)</span></span></span><span class="box__itemcard-info-score"><span class="sprite__smilefresh--before box__score-awards"><span class="for-a11y">평점</span><span class="text text__score">4.8</span><span class="for-a11y">후기</span><span class="text text__num">(1,011)</span><span class="for-a11y">건</span></span><span class="box__score-buycnt"><span class="text text__buy">구매</span><span class="text text__num">2,618</span><span class="for-a11y">건</span></span></span><span class="box__itemcard-benefit-tag"><span class="box__tag box__tag-coupon"><span class="sprite__smilefresh--before box__inner">15% 쿠폰</span></span></span></a><button type="button" class="sprite__smilefresh--after button__favorite-item" aria-describedby="itemCard_title_2518478827" aria-pressed="false" aria-label="관심상품 등록하기"></button></div></div></div></div></li><li class="list-item"><div class="box__itemcard-container"><div class="box__itemcard-body"><div class="box__itemcard-inner"><span class="box__thumbnail__label">88</span><a class="link__itemcard" href="https://item.gmarket.co.kr/Item?goodscode=2518480363" tabindex="-1" aria-hidden="true"><span class="box__itemcard-img"><img class="image__itemcard no-js-400?ver=1725092417" src="data:image/gif;base64,R0lGODlhAQABAIAAAP///wAAACH5BAEAAAAALAAAAAABAAEAAAICRAEAOw==" alt="오뚜기 델리토마토케찹 500G - 상품 이미지"/><noscript><style>.no-js-400?ver=1725092417 { display: none !important; }</style><img class="image__itemcard" src="https://gdimg.gmarket.co.kr/2518480363/still/400?ver=1725092417" alt="오뚜기 델리토마토케찹 500G - 상품 이미지"/></noscript></span></a><div class="box__itemcard-info"><div class="box__element-info"><div class="element-info-qty"><button aria-describedby="itemCard_title_2518480363" class="sprite__smilefresh--before element-info-qty-minus" aria-disabled="true"><span class="for-a11y">상품 수 <!-- -->1<!-- --> 감소</span></button><span class="element-info-item-qty" aria-describedby="itemCard_title_2518480363"><span class="for-a11y">선택된 수량</span> <!-- -->1</span><button aria-describedby="itemCard_title_2518480363" class="sprite__smilefresh--before element-info-qty-plus"><span class="for-a11y">상품 수 <!-- -->1<!-- --> 증가</span></button></div><button type="button" class="sprite__smilefresh--before element-info-cart" aria-describedby="itemCard_title_2518480363"><span class="for-a11y">장바구니 담기</span></button></div><a href="https://item.gmarket.co.kr/Item?goodscode=2518480363" class="link__itemcard-info"><span class="box__itemcard-title-area" id="itemCard_title_2518480363"><span class="text__brand"><span class="text">오뚜기</span></span><span class="text__title" id="item_title">오뚜기 델리토마토케찹 500G</span></span><span class="box__itemcard-price-area"><span class="box__price-seller"><span class="for-a11y">판매가</span><strong class="text__price-seller">2,780</strong><span class="text__unit">원</span></span><span class="box__prime-cost"><span class="for-a11y">원가</span><span class="text__unit-cost">(<!-- -->100g당 556원<!-- -->)</span></span></span><span class="box__itemcard-info-score"><span class="sprite__smilefresh--before box__score-awards"><span class="for-a11y">평점</span><span class="text text__score">4.7</span><span class="for-a11y">후기</span><span class="text text__num">(1,013)</span><span class="for-a11y">건</span></span><span class="box__score-buycnt"><span class="text text__buy">구매</span><span class="text text__num">1,786</span><span class="for-a11y">건</span></span></span><span class="box__itemcard-benefit-tag"><span class="box__tag box__tag-coupon"><span class="sprite__smilefresh--before box__inner">15% 쿠폰</span></span></span></a><button type="button" class="sprite__smilefresh--after button__favorite-item" aria-describedby="itemCard_title_2518480363" aria-pressed="false" aria-label="관심상품 등록하기"></button></div></div></div></div></li><li class="list-item"><div class="box__itemcard-container"><div class="box__itemcard-body"><div class="box__itemcard-inner"><span class="box__thumbnail__label">89</span><a class="link__itemcard" href="https://item.gmarket.co.kr/Item?goodscode=2523608147" tabindex="-1" aria-hidden="true"><span class="box__itemcard-img"><img class="image__itemcard no-js-400?ver=1725102197" src="data:image/gif;base64,R0lGODlhAQABAIAAAP///wAAACH5BAEAAAAALAAAAAABAAEAAAICRAEAOw==" alt="피코크 미니 크로와상300g(생지) - 상품 이미지"/><noscript><style>.no-js-400?ver=1725102197 { display: none !important; }</style><img class="image__itemcard" src="https://gdimg.gmarket.co.kr/2523608147/still/400?ver=1725102197" alt="피코크 미니 크로와상300g(생지) - 상품 이미지"/></noscript></span></a><div class="box__itemcard-info"><div class="box__element-info"><div class="element-info-qty"><button aria-describedby="itemCard_title_2523608147" class="sprite__smilefresh--before element-info-qty-minus" aria-disabled="true"><span class="for-a11y">상품 수 <!-- -->1<!-- --> 감소</span></button><span class="element-info-item-qty" aria-describedby="itemCard_title_2523608147"><span class="for-a11y">선택된 수량</span> <!-- -->1</span><button aria-describedby="itemCard_title_2523608147" class="sprite__smilefresh--before element-info-qty-plus"><span class="for-a11y">상품 수 <!-- -->1<!-- --> 증가</span></button></div><button type="button" class="sprite__smilefresh--before element-info-cart" aria-describedby="itemCard_title_2523608147"><span class="for-a11y">장바구니 담기</span></button></div><a href="https://item.gmarket.co.kr/Item?goodscode=2523608147" class="link__itemcard-info"><span class="box__itemcard-title-area" id="itemCard_title_2523608147"><span class="text__brand"><span class="text">피코크</span></span><span class="text__title" id="item_title">피코크 미니 크로와상300g(생지)</span></span><span class="box__itemcard-price-area"><span class="box__price-seller"><span class="for-a11y">판매가</span><strong class="text__price-seller">6,980</strong><span class="text__unit">원</span></span></span><span class="box__itemcard-info-score"><span class="sprite__smilefresh--before box__score-awards"><span class="for-a11y">평점</span><span class="text text__score">4.8</span><span class="for-a11y">후기</span><span class="text text__num">(614)</span><span class="for-a11y">건</span></span><span class="box__score-buycnt"><span class="text text__buy">구매</span><span class="text text__num">2,812</span><span class="for-a11y">건</span></span></span><span class="box__itemcard-benefit-tag"><span class="box__tag box__tag-coupon"><span class="sprite__smilefresh--before box__inner">15% 쿠폰</span></span></span></a><button type="button" class="sprite__smilefresh--after button__favorite-item" aria-describedby="itemCard_title_2523608147" aria-pressed="false" aria-label="관심상품 등록하기"></button></div></div></div></div></li><li class="list-item"><div class="box__itemcard-container"><div class="box__itemcard-body"><div class="box__itemcard-inner"><span class="box__thumbnail__label">90</span><a class="link__itemcard" href="https://item.gmarket.co.kr/Item?goodscode=2518450584" tabindex="-1" aria-hidden="true"><span class="box__itemcard-img"><img class="image__itemcard no-js-400?ver=1725438326" src="data:image/gif;base64,R0lGODlhAQABAIAAAP///wAAACH5BAEAAAAALAAAAAABAAEAAAICRAEAOw==" alt="해표 옥수수유1.8L - 상품 이미지"/><noscript><style>.no-js-400?ver=1725438326 { display: none !important; }</style><img class="image__itemcard" src="https://gdimg.gmarket.co.kr/2518450584/still/400?ver=1725438326" alt="해표 옥수수유1.8L - 상품 이미지"/></noscript></span></a><div class="box__itemcard-info"><div class="box__element-info"><div class="element-info-qty"><button aria-describedby="itemCard_title_2518450584" class="sprite__smilefresh--before element-info-qty-minus" aria-disabled="true"><span class="for-a11y">상품 수 <!-- -->1<!-- --> 감소</span></button><span class="element-info-item-qty" aria-describedby="itemCard_title_2518450584"><span class="for-a11y">선택된 수량</span> <!-- -->1</span><button aria-describedby="itemCard_title_2518450584" class="sprite__smilefresh--before element-info-qty-plus"><span class="for-a11y">상품 수 <!-- -->1<!-- --> 증가</span></button></div><button type="button" class="sprite__smilefresh--before element-info-cart" aria-describedby="itemCard_title_2518450584"><span class="for-a11y">장바구니 담기</span></button></div><a href="https://item.gmarket.co.kr/Item?goodscode=2518450584" class="link__itemcard-info"><span class="box__itemcard-title-area" id="itemCard_title_2518450584"><span class="text__title" id="item_title">해표 옥수수유1.8L</span></span><span class="box__itemcard-price-area"><span class="box__price-seller"><span class="for-a11y">판매가</span><strong class="text__price-seller">6,850</strong><span class="text__unit">원</span></span></span><span class="box__itemcard-info-score"><span class="sprite__smilefresh--before box__score-awards"><span class="for-a11y">평점</span><span class="text text__score">4.7</span><span class="for-a11y">후기</span><span class="text text__num">(277)</span><span class="for-a11y">건</span></span><span class="box__score-buycnt"><span class="text text__buy">구매</span><span class="text text__num">1,183</span><span class="for-a11y">건</span></span></span><span class="box__itemcard-benefit-tag"><span class="box__tag box__tag-coupon"><span class="sprite__smilefresh--before box__inner">15% 쿠폰</span></span></span></a><button type="button" class="sprite__smilefresh--after button__favorite-item" aria-describedby="itemCard_title_2518450584" aria-pressed="false" aria-label="관심상품 등록하기"></button></div></div></div></div></li><li class="list-item"><div class="box__itemcard-container"><div class="box__itemcard-body"><div class="box__itemcard-inner"><span class="box__thumbnail__label">91</span><a class="link__itemcard" href="https://item.gmarket.co.kr/Item?goodscode=2970764198" tabindex="-1" aria-hidden="true"><span class="box__itemcard-img"><img class="image__itemcard no-js-400?ver=1725130660" src="data:image/gif;base64,R0lGODlhAQABAIAAAP///wAAACH5BAEAAAAALAAAAAABAAEAAAICRAEAOw==" alt="노브랜드 진짜매운고추장500g - 상품 이미지"/><noscript><style>.no-js-400?ver=1725130660 { display: none !important; }</style><img class="image__itemcard" src="https://gdimg.gmarket.co.kr/2970764198/still/400?ver=1725130660" alt="노브랜드 진짜매운고추장500g - 상품 이미지"/></noscript></span></a><div class="box__itemcard-info"><div class="box__element-info"><div class="element-info-qty"><button aria-describedby="itemCard_title_2970764198" class="sprite__smilefresh--before element-info-qty-minus" aria-disabled="true"><span class="for-a11y">상품 수 <!-- -->1<!-- --> 감소</span></button><span class="element-info-item-qty" aria-describedby="itemCard_title_2970764198"><span class="for-a11y">선택된 수량</span> <!-- -->1</span><button aria-describedby="itemCard_title_2970764198" class="sprite__smilefresh--before element-info-qty-plus"><span class="for-a11y">상품 수 <!-- -->1<!-- --> 증가</span></button></div><button type="button" class="sprite__smilefresh--before element-info-cart" aria-describedby="itemCard_title_2970764198"><span class="for-a11y">장바구니 담기</span></button></div><a href="https://item.gmarket.co.kr/Item?goodscode=2970764198" class="link__itemcard-info"><span class="box__itemcard-title-area" id="itemCard_title_2970764198"><span class="text__brand"><span class="text">노브랜드</span></span><span class="text__title" id="item_title">노브랜드 진짜매운고추장500g</span></span><span class="box__itemcard-price-area"><span class="box__price-seller"><span class="for-a11y">판매가</span><strong class="text__price-seller">3,480</strong><span class="text__unit">원</span></span><span class="box__prime-cost"><span class="for-a11y">원가</span><span class="text__unit-cost">(<!-- -->100g당 696원<!-- -->)</span></span></span><span class="box__itemcard-info-score"><span class="sprite__smilefresh--before box__score-awards"><span class="for-a11y">평점</span><span class="text text__score">4.7</span><span class="for-a11y">후기</span><span class="text text__num">(835)</span><span class="for-a11y">건</span></span><span class="box__score-buycnt"><span class="text text__buy">구매</span><span class="text text__num">2,277</span><span class="for-a11y">건</span></span></span></a><button type="button" class="sprite__smilefresh--after button__favorite-item" aria-describedby="itemCard_title_2970764198" aria-pressed="false" aria-label="관심상품 등록하기"></button></div></div></div></div></li><li class="list-item"><div class="box__itemcard-container"><div class="box__itemcard-body"><div class="box__itemcard-inner"><span class="box__thumbnail__label">92</span><a class="link__itemcard" href="https://item.gmarket.co.kr/Item?goodscode=3440611804" tabindex="-1" aria-hidden="true"><span class="box__itemcard-img"><img class="image__itemcard no-js-400?ver=1725136415" src="data:image/gif;base64,R0lGODlhAQABAIAAAP///wAAACH5BAEAAAAALAAAAAABAAEAAAICRAEAOw==" alt="청정원 LA갈비양념 500g - 상품 이미지"/><noscript><style>.no-js-400?ver=1725136415 { display: none !important; }</style><img class="image__itemcard" src="https://gdimg.gmarket.co.kr/3440611804/still/400?ver=1725136415" alt="청정원 LA갈비양념 500g - 상품 이미지"/></noscript></span></a><div class="box__itemcard-info"><div class="box__element-info"><div class="element-info-qty"><button aria-describedby="itemCard_title_3440611804" class="sprite__smilefresh--before element-info-qty-minus" aria-disabled="true"><span class="for-a11y">상품 수 <!-- -->1<!-- --> 감소</span></button><span class="element-info-item-qty" aria-describedby="itemCard_title_3440611804"><span class="for-a11y">선택된 수량</span> <!-- -->1</span><button aria-describedby="itemCard_title_3440611804" class="sprite__smilefresh--before element-info-qty-plus"><span class="for-a11y">상품 수 <!-- -->1<!-- --> 증가</span></button></div><button type="button" class="sprite__smilefresh--before element-info-cart" aria-describedby="itemCard_title_3440611804"><span class="for-a11y">장바구니 담기</span></button></div><a href="https://item.gmarket.co.kr/Item?goodscode=3440611804" class="link__itemcard-info"><span class="box__itemcard-title-area" id="itemCard_title_3440611804"><span class="text__brand"><span class="text">청정원</span></span><span class="text__title" id="item_title">청정원 LA갈비양념 500g</span></span><span class="box__itemcard-price-area"><span class="box__price-seller"><span class="for-a11y">판매가</span><strong class="text__price-seller">3,580</strong><span class="text__unit">원</span></span></span><span class="box__itemcard-info-score"><span class="sprite__smilefresh--before box__score-awards"><span class="for-a11y">평점</span><span class="text text__score">4.8</span><span class="for-a11y">후기</span><span class="text text__num">(47)</span><span class="for-a11y">건</span></span><span class="box__score-buycnt"><span class="text text__buy">구매</span><span class="text text__num">153</span><span class="for-a11y">건</span></span></span><span class="box__itemcard-benefit-tag"><span class="box__tag box__tag-coupon"><span class="sprite__smilefresh--before box__inner">15% 쿠폰</span></span></span></a><button type="button" class="sprite__smilefresh--after button__favorite-item" aria-describedby="itemCard_title_3440611804" aria-pressed="false" aria-label="관심상품 등록하기"></button></div></div></div></div></li><li class="list-item"><div class="box__itemcard-container"><div class="box__itemcard-body"><div class="box__itemcard-inner"><span class="box__thumbnail__label">93</span><a class="link__itemcard" href="https://item.gmarket.co.kr/Item?goodscode=2518496734" tabindex="-1" aria-hidden="true"><span class="box__itemcard-img"><img class="image__itemcard no-js-400?ver=1725092613" src="data:image/gif;base64,R0lGODlhAQABAIAAAP///wAAACH5BAEAAAAALAAAAAABAAEAAAICRAEAOw==" alt="오뚜기 빵가루 500g - 상품 이미지"/><noscript><style>.no-js-400?ver=1725092613 { display: none !important; }</style><img class="image__itemcard" src="https://gdimg.gmarket.co.kr/2518496734/still/400?ver=1725092613" alt="오뚜기 빵가루 500g - 상품 이미지"/></noscript></span></a><div class="box__itemcard-info"><div class="box__element-info"><div class="element-info-qty"><button aria-describedby="itemCard_title_2518496734" class="sprite__smilefresh--before element-info-qty-minus" aria-disabled="true"><span class="for-a11y">상품 수 <!-- -->1<!-- --> 감소</span></button><span class="element-info-item-qty" aria-describedby="itemCard_title_2518496734"><span class="for-a11y">선택된 수량</span> <!-- -->1</span><button aria-describedby="itemCard_title_2518496734" class="sprite__smilefresh--before element-info-qty-plus"><span class="for-a11y">상품 수 <!-- -->1<!-- --> 증가</span></button></div><button type="button" class="sprite__smilefresh--before element-info-cart" aria-describedby="itemCard_title_2518496734"><span class="for-a11y">장바구니 담기</span></button></div><a href="https://item.gmarket.co.kr/Item?goodscode=2518496734" class="link__itemcard-info"><span class="box__itemcard-title-area" id="itemCard_title_2518496734"><span class="text__brand"><span class="text">오뚜기</span></span><span class="text__title" id="item_title">오뚜기 빵가루 500g</span></span><span class="box__itemcard-price-area"><span class="box__price-seller"><span class="for-a11y">판매가</span><strong class="text__price-seller">3,680</strong><span class="text__unit">원</span></span><span class="box__prime-cost"><span class="for-a11y">원가</span><span class="text__unit-cost">(<!-- -->100g당 736원<!-- -->)</span></span></span><span class="box__itemcard-info-score"><span class="sprite__smilefresh--before box__score-awards"><span class="for-a11y">평점</span><span class="text text__score">4.8</span><span class="for-a11y">후기</span><span class="text text__num">(825)</span><span class="for-a11y">건</span></span><span class="box__score-buycnt"><span class="text text__buy">구매</span><span class="text text__num">2,036</span><span class="for-a11y">건</span></span></span><span class="box__itemcard-benefit-tag"><span class="box__tag box__tag-coupon"><span class="sprite__smilefresh--before box__inner">15% 쿠폰</span></span></span></a><button type="button" class="sprite__smilefresh--after button__favorite-item" aria-describedby="itemCard_title_2518496734" aria-pressed="false" aria-label="관심상품 등록하기"></button></div></div></div></div></li><li class="list-item"><div class="box__itemcard-container"><div class="box__itemcard-body"><div class="box__itemcard-inner"><span class="box__thumbnail__label">94</span><a class="link__itemcard" href="https://item.gmarket.co.kr/Item?goodscode=2518529998" tabindex="-1" aria-hidden="true"><span class="box__itemcard-img"><img class="image__itemcard no-js-400?ver=1725088268" src="data:image/gif;base64,R0lGODlhAQABAIAAAP///wAAACH5BAEAAAAALAAAAAABAAEAAAICRAEAOw==" alt="청정원 서해안까나리액젓 750g+250g - 상품 이미지"/><noscript><style>.no-js-400?ver=1725088268 { display: none !important; }</style><img class="image__itemcard" src="https://gdimg.gmarket.co.kr/2518529998/still/400?ver=1725088268" alt="청정원 서해안까나리액젓 750g+250g - 상품 이미지"/></noscript></span></a><div class="box__itemcard-info"><div class="box__element-info"><div class="element-info-qty"><button aria-describedby="itemCard_title_2518529998" class="sprite__smilefresh--before element-info-qty-minus" aria-disabled="true"><span class="for-a11y">상품 수 <!-- -->1<!-- --> 감소</span></button><span class="element-info-item-qty" aria-describedby="itemCard_title_2518529998"><span class="for-a11y">선택된 수량</span> <!-- -->1</span><button aria-describedby="itemCard_title_2518529998" class="sprite__smilefresh--before element-info-qty-plus"><span class="for-a11y">상품 수 <!-- -->1<!-- --> 증가</span></button></div><button type="button" class="sprite__smilefresh--before element-info-cart" aria-describedby="itemCard_title_2518529998"><span class="for-a11y">장바구니 담기</span></button></div><a href="https://item.gmarket.co.kr/Item?goodscode=2518529998" class="link__itemcard-info"><span class="box__itemcard-title-area" id="itemCard_title_2518529998"><span class="text__title" id="item_title">청정원 서해안까나리액젓 750g+250g</span></span><span class="box__itemcard-price-area"><span class="box__price-seller"><span class="for-a11y">판매가</span><strong class="text__price-seller">5,000</strong><span class="text__unit">원</span></span></span><span class="box__itemcard-info-score"><span class="sprite__smilefresh--before box__score-awards"><span class="for-a11y">평점</span><span class="text text__score">4.7</span><span class="for-a11y">후기</span><span class="text text__num">(1,328)</span><span class="for-a11y">건</span></span><span class="box__score-buycnt"><span class="text text__buy">구매</span><span class="text text__num">3,015</span><span class="for-a11y">건</span></span></span><span class="box__itemcard-benefit-tag"><span class="box__tag box__tag-coupon"><span class="sprite__smilefresh--before box__inner">15% 쿠폰</span></span></span></a><button type="button" class="sprite__smilefresh--after button__favorite-item" aria-describedby="itemCard_title_2518529998" aria-pressed="false" aria-label="관심상품 등록하기"></button></div></div></div></div></li><li class="list-item"><div class="box__itemcard-container"><div class="box__itemcard-body"><div class="box__itemcard-inner"><span class="box__thumbnail__label">95</span><a class="link__itemcard" href="https://item.gmarket.co.kr/Item?goodscode=2518531753" tabindex="-1" aria-hidden="true"><span class="box__itemcard-img"><img class="image__itemcard no-js-400?ver=1725088265" src="data:image/gif;base64,R0lGODlhAQABAIAAAP///wAAACH5BAEAAAAALAAAAAABAAEAAAICRAEAOw==" alt="오뚜기하프 케찹 475g - 상품 이미지"/><noscript><style>.no-js-400?ver=1725088265 { display: none !important; }</style><img class="image__itemcard" src="https://gdimg.gmarket.co.kr/2518531753/still/400?ver=1725088265" alt="오뚜기하프 케찹 475g - 상품 이미지"/></noscript></span></a><div class="box__itemcard-info"><div class="box__element-info"><div class="element-info-qty"><button aria-describedby="itemCard_title_2518531753" class="sprite__smilefresh--before element-info-qty-minus" aria-disabled="true"><span class="for-a11y">상품 수 <!-- -->1<!-- --> 감소</span></button><span class="element-info-item-qty" aria-describedby="itemCard_title_2518531753"><span class="for-a11y">선택된 수량</span> <!-- -->1</span><button aria-describedby="itemCard_title_2518531753" class="sprite__smilefresh--before element-info-qty-plus"><span class="for-a11y">상품 수 <!-- -->1<!-- --> 증가</span></button></div><button type="button" class="sprite__smilefresh--before element-info-cart" aria-describedby="itemCard_title_2518531753"><span class="for-a11y">장바구니 담기</span></button></div><a href="https://item.gmarket.co.kr/Item?goodscode=2518531753" class="link__itemcard-info"><span class="box__itemcard-title-area" id="itemCard_title_2518531753"><span class="text__brand"><span class="text">오뚜기</span></span><span class="text__title" id="item_title">오뚜기하프 케찹 475g</span></span><span class="box__itemcard-price-area"><span class="box__price-seller"><span class="for-a11y">판매가</span><strong class="text__price-seller">3,580</strong><span class="text__unit">원</span></span><span class="box__prime-cost"><span class="for-a11y">원가</span><span class="text__unit-cost">(<!-- -->100g당 754원<!-- -->)</span></span></span><span class="box__itemcard-info-score"><span class="sprite__smilefresh--before box__score-awards"><span class="for-a11y">평점</span><span class="text text__score">4.8</span><span class="for-a11y">후기</span><span class="text text__num">(991)</span><span class="for-a11y">건</span></span><span class="box__score-buycnt"><span class="text text__buy">구매</span><span class="text text__num">2,803</span><span class="for-a11y">건</span></span></span><span class="box__itemcard-benefit-tag"><span class="box__tag box__tag-coupon"><span class="sprite__smilefresh--before box__inner">15% 쿠폰</span></span></span></a><button type="button" class="sprite__smilefresh--after button__favorite-item" aria-describedby="itemCard_title_2518531753" aria-pressed="false" aria-label="관심상품 등록하기"></button></div></div></div></div></li><li class="list-item"><div class="box__itemcard-container"><div class="box__itemcard-body"><div class="box__itemcard-inner"><span class="box__thumbnail__label">96</span><a class="link__itemcard" href="https://item.gmarket.co.kr/Item?goodscode=3951418083" tabindex="-1" aria-hidden="true"><span class="box__itemcard-img"><img class="image__itemcard no-js-400?ver=1725092604" src="data:image/gif;base64,R0lGODlhAQABAIAAAP///wAAACH5BAEAAAAALAAAAAABAAEAAAICRAEAOw==" alt="오뚜기 고소한참기름320ml(병) - 상품 이미지"/><noscript><style>.no-js-400?ver=1725092604 { display: none !important; }</style><img class="image__itemcard" src="https://gdimg.gmarket.co.kr/3951418083/still/400?ver=1725092604" alt="오뚜기 고소한참기름320ml(병) - 상품 이미지"/></noscript></span></a><div class="box__itemcard-info"><div class="box__element-info"><div class="element-info-qty"><button aria-describedby="itemCard_title_3951418083" class="sprite__smilefresh--before element-info-qty-minus" aria-disabled="true"><span class="for-a11y">상품 수 <!-- -->1<!-- --> 감소</span></button><span class="element-info-item-qty" aria-describedby="itemCard_title_3951418083"><span class="for-a11y">선택된 수량</span> <!-- -->1</span><button aria-describedby="itemCard_title_3951418083" class="sprite__smilefresh--before element-info-qty-plus"><span class="for-a11y">상품 수 <!-- -->1<!-- --> 증가</span></button></div><button type="button" class="sprite__smilefresh--before element-info-cart" aria-describedby="itemCard_title_3951418083"><span class="for-a11y">장바구니 담기</span></button></div><a href="https://item.gmarket.co.kr/Item?goodscode=3951418083" class="link__itemcard-info"><span class="box__itemcard-title-area" id="itemCard_title_3951418083"><span class="text__brand"><span class="text">오뚜기</span></span><span class="text__title" id="item_title">오뚜기 고소한참기름320ml(병)</span></span><span class="box__itemcard-price-area"><span class="box__price-seller"><span class="for-a11y">판매가</span><strong class="text__price-seller">11,880</strong><span class="text__unit">원</span></span><span class="box__prime-cost"><span class="for-a11y">원가</span><span class="text__unit-cost">(<!-- -->10mL당 371원<!-- -->)</span></span></span><span class="box__itemcard-info-score"><span class="sprite__smilefresh--before box__score-awards"><span class="for-a11y">평점</span><span class="text text__score">4.8</span><span class="for-a11y">후기</span><span class="text text__num">(69)</span><span class="for-a11y">건</span></span><span class="box__score-buycnt"><span class="text text__buy">구매</span><span class="text text__num">222</span><span class="for-a11y">건</span></span></span><span class="box__itemcard-benefit-tag"><span class="box__tag box__tag-coupon"><span class="sprite__smilefresh--before box__inner">15% 쿠폰</span></span></span></a><button type="button" class="sprite__smilefresh--after button__favorite-item" aria-describedby="itemCard_title_3951418083" aria-pressed="false" aria-label="관심상품 등록하기"></button></div></div></div></div></li><li class="list-item"><div class="box__itemcard-container"><div class="box__itemcard-body"><div class="box__itemcard-inner"><span class="box__thumbnail__label">97</span><a class="link__itemcard" href="https://item.gmarket.co.kr/Item?goodscode=2518441588" tabindex="-1" aria-hidden="true"><span class="box__itemcard-img"><img class="image__itemcard no-js-400?ver=1725088228" src="data:image/gif;base64,R0lGODlhAQABAIAAAP///wAAACH5BAEAAAAALAAAAAABAAEAAAICRAEAOw==" alt="청정원 고소한 마요네즈 300g - 상품 이미지"/><noscript><style>.no-js-400?ver=1725088228 { display: none !important; }</style><img class="image__itemcard" src="https://gdimg.gmarket.co.kr/2518441588/still/400?ver=1725088228" alt="청정원 고소한 마요네즈 300g - 상품 이미지"/></noscript></span></a><div class="box__itemcard-info"><div class="box__element-info"><div class="element-info-qty"><button aria-describedby="itemCard_title_2518441588" class="sprite__smilefresh--before element-info-qty-minus" aria-disabled="true"><span class="for-a11y">상품 수 <!-- -->1<!-- --> 감소</span></button><span class="element-info-item-qty" aria-describedby="itemCard_title_2518441588"><span class="for-a11y">선택된 수량</span> <!-- -->1</span><button aria-describedby="itemCard_title_2518441588" class="sprite__smilefresh--before element-info-qty-plus"><span class="for-a11y">상품 수 <!-- -->1<!-- --> 증가</span></button></div><button type="button" class="sprite__smilefresh--before element-info-cart" aria-describedby="itemCard_title_2518441588"><span class="for-a11y">장바구니 담기</span></button></div><a href="https://item.gmarket.co.kr/Item?goodscode=2518441588" class="link__itemcard-info"><span class="box__itemcard-title-area" id="itemCard_title_2518441588"><span class="text__brand"><span class="text">청정원</span></span><span class="text__title" id="item_title">청정원 고소한 마요네즈 300g</span></span><span class="box__itemcard-price-area"><span class="box__price-seller"><span class="for-a11y">판매가</span><strong class="text__price-seller">3,600</strong><span class="text__unit">원</span></span><span class="box__prime-cost"><span class="for-a11y">원가</span><span class="text__unit-cost">(<!-- -->100g당 1,200원<!-- -->)</span></span></span><span class="box__itemcard-info-score"><span class="sprite__smilefresh--before box__score-awards"><span class="for-a11y">평점</span><span class="text text__score">4.7</span><span class="for-a11y">후기</span><span class="text text__num">(2,414)</span><span class="for-a11y">건</span></span><span class="box__score-buycnt"><span class="text text__buy">구매</span><span class="text text__num">5,348</span><span class="for-a11y">건</span></span></span><span class="box__itemcard-benefit-tag"><span class="box__tag box__tag-coupon"><span class="sprite__smilefresh--before box__inner">15% 쿠폰</span></span></span></a><button type="button" class="sprite__smilefresh--after button__favorite-item" aria-describedby="itemCard_title_2518441588" aria-pressed="false" aria-label="관심상품 등록하기"></button></div></div></div></div></li><li class="list-item"><div class="box__itemcard-container"><div class="box__itemcard-body"><div class="box__itemcard-inner"><span class="box__thumbnail__label">98</span><a class="link__itemcard" href="https://item.gmarket.co.kr/Item?goodscode=2518964341" tabindex="-1" aria-hidden="true"><span class="box__itemcard-img"><img class="image__itemcard no-js-400?ver=1725092231" src="data:image/gif;base64,R0lGODlhAQABAIAAAP///wAAACH5BAEAAAAALAAAAAABAAEAAAICRAEAOw==" alt="청정원 파스타소스 600g(토마토) - 상품 이미지"/><noscript><style>.no-js-400?ver=1725092231 { display: none !important; }</style><img class="image__itemcard" src="https://gdimg.gmarket.co.kr/2518964341/still/400?ver=1725092231" alt="청정원 파스타소스 600g(토마토) - 상품 이미지"/></noscript></span></a><div class="box__itemcard-info"><div class="box__element-info"><div class="element-info-qty"><button aria-describedby="itemCard_title_2518964341" class="sprite__smilefresh--before element-info-qty-minus" aria-disabled="true"><span class="for-a11y">상품 수 <!-- -->1<!-- --> 감소</span></button><span class="element-info-item-qty" aria-describedby="itemCard_title_2518964341"><span class="for-a11y">선택된 수량</span> <!-- -->1</span><button aria-describedby="itemCard_title_2518964341" class="sprite__smilefresh--before element-info-qty-plus"><span class="for-a11y">상품 수 <!-- -->1<!-- --> 증가</span></button></div><button type="button" class="sprite__smilefresh--before element-info-cart" aria-describedby="itemCard_title_2518964341"><span class="for-a11y">장바구니 담기</span></button></div><a href="https://item.gmarket.co.kr/Item?goodscode=2518964341" class="link__itemcard-info"><span class="box__itemcard-title-area" id="itemCard_title_2518964341"><span class="text__brand"><span class="text">청정원</span></span><span class="text__title" id="item_title">청정원 파스타소스 600g(토마토)</span></span><span class="box__itemcard-price-area"><span class="box__price-seller"><span class="for-a11y">판매가</span><strong class="text__price-seller">5,980</strong><span class="text__unit">원</span></span></span><span class="box__itemcard-info-score"><span class="sprite__smilefresh--before box__score-awards"><span class="for-a11y">평점</span><span class="text text__score">4.8</span><span class="for-a11y">후기</span><span class="text text__num">(807)</span><span class="for-a11y">건</span></span><span class="box__score-buycnt"><span class="text text__buy">구매</span><span class="text text__num">3,765</span><span class="for-a11y">건</span></span></span><span class="box__itemcard-benefit-tag"><span class="box__tag box__tag-coupon"><span class="sprite__smilefresh--before box__inner">15% 쿠폰</span></span></span></a><button type="button" class="sprite__smilefresh--after button__favorite-item" aria-describedby="itemCard_title_2518964341" aria-pressed="false" aria-label="관심상품 등록하기"></button></div></div></div></div></li><li class="list-item"><div class="box__itemcard-container"><div class="box__itemcard-body"><div class="box__itemcard-inner"><span class="box__thumbnail__label">99</span><a class="link__itemcard" href="https://item.gmarket.co.kr/Item?goodscode=2523378953" tabindex="-1" aria-hidden="true"><span class="box__itemcard-img"><img class="image__itemcard no-js-400?ver=1725100033" src="data:image/gif;base64,R0lGODlhAQABAIAAAP///wAAACH5BAEAAAAALAAAAAABAAEAAAICRAEAOw==" alt="대상 발효미원 100g - 상품 이미지"/><noscript><style>.no-js-400?ver=1725100033 { display: none !important; }</style><img class="image__itemcard" src="https://gdimg.gmarket.co.kr/2523378953/still/400?ver=1725100033" alt="대상 발효미원 100g - 상품 이미지"/></noscript></span></a><div class="box__itemcard-info"><div class="box__element-info"><div class="element-info-qty"><button aria-describedby="itemCard_title_2523378953" class="sprite__smilefresh--before element-info-qty-minus" aria-disabled="true"><span class="for-a11y">상품 수 <!-- -->1<!-- --> 감소</span></button><span class="element-info-item-qty" aria-describedby="itemCard_title_2523378953"><span class="for-a11y">선택된 수량</span> <!-- -->1</span><button aria-describedby="itemCard_title_2523378953" class="sprite__smilefresh--before element-info-qty-plus"><span class="for-a11y">상품 수 <!-- -->1<!-- --> 증가</span></button></div><button type="button" class="sprite__smilefresh--before element-info-cart" aria-describedby="itemCard_title_2523378953"><span class="for-a11y">장바구니 담기</span></button></div><a href="https://item.gmarket.co.kr/Item?goodscode=2523378953" class="link__itemcard-info"><span class="box__itemcard-title-area" id="itemCard_title_2523378953"><span class="text__brand"><span class="text">미원</span></span><span class="text__title" id="item_title">대상 발효미원 100g</span></span><span class="box__itemcard-price-area"><span class="box__price-seller"><span class="for-a11y">판매가</span><strong class="text__price-seller">2,800</strong><span class="text__unit">원</span></span></span><span class="box__itemcard-info-score"><span class="sprite__smilefresh--before box__score-awards"><span class="for-a11y">평점</span><span class="text text__score">4.8</span><span class="for-a11y">후기</span><span class="text text__num">(1,402)</span><span class="for-a11y">건</span></span><span class="box__score-buycnt"><span class="text text__buy">구매</span><span class="text text__num">3,476</span><span class="for-a11y">건</span></span></span><span class="box__itemcard-benefit-tag"><span class="box__tag box__tag-coupon"><span class="sprite__smilefresh--before box__inner">15% 쿠폰</span></span></span></a><button type="button" class="sprite__smilefresh--after button__favorite-item" aria-describedby="itemCard_title_2523378953" aria-pressed="false" aria-label="관심상품 등록하기"></button></div></div></div></div></li><li class="list-item"><div class="box__itemcard-container"><div class="box__itemcard-body"><div class="box__itemcard-inner"><span class="box__thumbnail__label">100</span><a class="link__itemcard" href="https://item.gmarket.co.kr/Item?goodscode=2518451077" tabindex="-1" aria-hidden="true"><span class="box__itemcard-img"><img class="image__itemcard no-js-400?ver=1725092611" src="data:image/gif;base64,R0lGODlhAQABAIAAAP///wAAACH5BAEAAAAALAAAAAABAAEAAAICRAEAOw==" alt="CJ백설 올리고당 700g - 상품 이미지"/><noscript><style>.no-js-400?ver=1725092611 { display: none !important; }</style><img class="image__itemcard" src="https://gdimg.gmarket.co.kr/2518451077/still/400?ver=1725092611" alt="CJ백설 올리고당 700g - 상품 이미지"/></noscript></span></a><div class="box__itemcard-info"><div class="box__element-info"><div class="element-info-qty"><button aria-describedby="itemCard_title_2518451077" class="sprite__smilefresh--before element-info-qty-minus" aria-disabled="true"><span class="for-a11y">상품 수 <!-- -->1<!-- --> 감소</span></button><span class="element-info-item-qty" aria-describedby="itemCard_title_2518451077"><span class="for-a11y">선택된 수량</span> <!-- -->1</span><button aria-describedby="itemCard_title_2518451077" class="sprite__smilefresh--before element-info-qty-plus"><span class="for-a11y">상품 수 <!-- -->1<!-- --> 증가</span></button></div><button type="button" class="sprite__smilefresh--before element-info-cart" aria-describedby="itemCard_title_2518451077"><span class="for-a11y">장바구니 담기</span></button></div><a href="https://item.gmarket.co.kr/Item?goodscode=2518451077" class="link__itemcard-info"><span class="box__itemcard-title-area" id="itemCard_title_2518451077"><span class="text__brand"><span class="text">백설</span></span><span class="text__title" id="item_title">CJ백설 올리고당 700g</span></span><span class="box__itemcard-price-area"><span class="box__price-seller"><span class="for-a11y">판매가</span><strong class="text__price-seller">4,280</strong><span class="text__unit">원</span></span></span><span class="box__itemcard-info-score"><span class="sprite__smilefresh--before box__score-awards"><span class="for-a11y">평점</span><span class="text text__score">4.7</span><span class="for-a11y">후기</span><span class="text text__num">(481)</span><span class="for-a11y">건</span></span><span class="box__score-buycnt"><span class="text text__buy">구매</span><span class="text text__num">1,363</span><span class="for-a11y">건</span></span></span><span class="box__itemcard-benefit-tag"><span class="box__tag box__tag-coupon"><span class="sprite__smilefresh--before box__inner">15% 쿠폰</span></span></span></a><button type="button" class="sprite__smilefresh--after button__favorite-item" aria-describedby="itemCard_title_2518451077" aria-pressed="false" aria-label="관심상품 등록하기"></button></div></div></div></div></li></ul></div></div></div></div></div><div style="min-height:455px"></div><script src="https://script.gmarket.co.kr/mobile/js/common/kr/util/viewability.js"></script><script src="https://script.gmarket.co.kr/js/common/ats_gmkt.js"></script><script src="https://script.gmarket.co.kr/fnp/desktop-layout.js"></script></div><script id="__NEXT_DATA__" type="application/json">{"props":{"pageProps":{"serverData":{"user":{"isSmileClub":false,"hashedCguid":"MuRNNYHW7OuOgugtwPK0Jz7HajIwK5FDq7zFzNnlMPY="},"itemPage":{"error":false,"searchFilter":{"sortOrderby":0,"userAddressInfo":{"address":"로그인을 진행해 주세요","addressExposeType":"LoginRequired","nonDeliveryArea":false},"smileFreshDeliveryGuide":{"deliveryStoreType":"NoneDelivery"},"categories":[{"categoryNo":"100000000","categoryName":"정육/계란","categoryImageUrl":"https://image.gmarket.co.kr/hanbando/202209/2f7e5c38-9606-4f1a-912e-f969e22f430f.jpg","subCategories":[],"isNew":false},{"categoryNo":"100001005","categoryName":"과일","categoryImageUrl":"https://image.gmarket.co.kr/hanbando/202207/efc9fa9b-b4d8-4eb4-b44d-dc8a47a8c00a.jpg","subCategories":[],"isNew":false},{"categoryNo":"100001006","categoryName":"냉동/간편식","categoryImageUrl":"https://image.gmarket.co.kr/hanbando/202207/287cdcc7-47f4-4949-8cdf-2bfb4ff5522e.jpg","subCategories":[],"isNew":false},{"categoryNo":"100001007","categoryName":"쌀/잡곡","categoryImageUrl":"https://image.gmarket.co.kr/hanbando/202207/92c7e264-61a8-4e11-ab2b-d3ad8a7b3ab6.jpg","subCategories":[],"isNew":false},{"categoryNo":"100001008","categoryName":"채소/두부","categoryImageUrl":"https://image.gmarket.co.kr/hanbando/202209/eb8b0652-724b-465a-800a-49436a3f5435.jpg","subCategories":[],"isNew":false},{"categoryNo":"100001010","categoryName":"라면/즉석식품","categoryImageUrl":"https://image.gmarket.co.kr/hanbando/202207/9ac23369-57e8-4299-889a-4f5360cd3c28.jpg","subCategories":[],"isNew":false},{"categoryNo":"100001032","categoryName":"생수/음료","categoryImageUrl":"https://image.gmarket.co.kr/hanbando/202207/a28bdf02-b436-4466-88de-d8f11ca54296.jpg","subCategories":[],"isNew":false},{"categoryNo":"100001033","categoryName":"과자/아이스크림","categoryImageUrl":"https://image.gmarket.co.kr/hanbando/202207/fd43d2b2-4f77-4e2c-b5da-58d24b91d95b.jpg","subCategories":[],"isNew":false},{"categoryNo":"100001034","categoryName":"우유/유제품","categoryImageUrl":"https://image.gmarket.co.kr/hanbando/202207/f5f1f7ed-e6a5-4ecd-ac66-aa87756158c2.jpg","subCategories":[],"isNew":false},{"categoryNo":"100001035","categoryName":"장류/양념","categoryImageUrl":"https://image.gmarket.co.kr/hanbando/202207/089a0e40-92de-4a0e-a8cb-2a18f78c5691.jpg","subCategories":[],"isNew":false},{"categoryNo":"100001036","categoryName":"화장지/위생","categoryImageUrl":"https://image.gmarket.co.kr/hanbando/202207/a5b62bcd-46b5-4059-bb1b-e01878b77ef4.jpg","subCategories":[],"isNew":false},{"categoryNo":"100001037","categoryName":"커피/차","categoryImageUrl":"https://image.gmarket.co.kr/hanbando/202207/c5b6a09a-4955-4829-94d6-c62f818f2f34.jpg","subCategories":[],"isNew":false},{"categoryNo":"100001038","categoryName":"수산물","categoryImageUrl":"https://image.gmarket.co.kr/hanbando/202207/23143aa7-715d-4778-8b1e-ab87422a8d3a.jpg","subCategories":[],"isNew":false},{"categoryNo":"100001039","categoryName":"밀키트/반찬","categoryImageUrl":"https://image.gmarket.co.kr/hanbando/202207/85d41348-f077-4b90-b0ff-3599d16216b2.jpg","subCategories":[],"isNew":false},{"categoryNo":"100002000","categoryName":"베이커리/잼","categoryImageUrl":"https://image.gmarket.co.kr/hanbando/202208/ea1ecb73-6a2c-45f7-8a89-2e130b634a99.jpg","subCategories":[],"isNew":false},{"categoryNo":"100002001","categoryName":"건강식품","categoryImageUrl":"https://image.gmarket.co.kr/hanbando/202208/7088de74-301b-48ef-911c-f33ed6a22f9b.jpg","subCategories":[],"isNew":false},{"categoryNo":"100002002","categoryName":"세탁/청소/욕실용품","categoryImageUrl":"https://image.gmarket.co.kr/hanbando/202208/39888525-4f61-453f-865c-83b6ca536b58.jpg","subCategories":[],"isNew":false},{"categoryNo":"100002003","categoryName":"리빙","categoryImageUrl":"https://image.gmarket.co.kr/hanbando/202208/a9484e1d-492e-4ab4-84db-1a387177dcbf.jpg","subCategories":[],"isNew":false},{"categoryNo":"100002004","categoryName":"주방/일회용품","categoryImageUrl":"https://image.gmarket.co.kr/hanbando/202208/e0d7614a-763e-4d90-b696-b20c76e890ca.jpg","subCategories":[],"isNew":false},{"categoryNo":"100002005","categoryName":"생활잡화/공구","categoryImageUrl":"https://image.gmarket.co.kr/hanbando/202208/231a3b36-5d05-467d-a33a-8651b9cf19c6.jpg","subCategories":[],"isNew":false},{"categoryNo":"100002006","categoryName":"반려동물","categoryImageUrl":"https://image.gmarket.co.kr/hanbando/202208/692a0b18-2063-4f86-a0af-3f7bbee09696.jpg","subCategories":[],"isNew":false},{"categoryNo":"100002007","categoryName":"뷰티","categoryImageUrl":"https://image.gmarket.co.kr/hanbando/202208/ba755a2e-4a11-472c-92f0-6b82f671b1f8.jpg","subCategories":[],"isNew":false},{"categoryNo":"100002008","categoryName":"유아동/출산/완구","categoryImageUrl":"https://image.gmarket.co.kr/hanbando/202208/fd6fb0fe-4f81-48ea-bec2-5cc37db6fa18.jpg","subCategories":[],"isNew":false},{"categoryNo":"100002009","categoryName":"패션/언더웨어","categoryImageUrl":"https://image.gmarket.co.kr/hanbando/202208/315ccf35-b333-4017-b664-ccb1ba966ef0.jpg","subCategories":[],"isNew":false},{"categoryNo":"100002010","categoryName":"잡화/슈즈/명품","categoryImageUrl":"https://image.gmarket.co.kr/hanbando/202208/30fc0d1d-ea15-4e02-8f50-f144d06423ca.jpg","subCategories":[],"isNew":false},{"categoryNo":"100002011","categoryName":"스포츠/레저/자동차","categoryImageUrl":"https://image.gmarket.co.kr/hanbando/202208/fa99b668-5f13-496e-a62d-dce329ead7cc.jpg","subCategories":[],"isNew":false},{"categoryNo":"100002012","categoryName":"디지털/가전","categoryImageUrl":"https://image.gmarket.co.kr/hanbando/202208/f38a6d26-1cc0-4b33-bf23-f933c2190252.jpg","subCategories":[],"isNew":false},{"categoryNo":"100002013","categoryName":"문구/취미/도서","categoryImageUrl":"https://image.gmarket.co.kr/hanbando/202208/edd14751-f54a-48ff-ae9a-15a33b10c06c.jpg","subCategories":[],"isNew":false}],"sdBrands":[],"sortOptions":["Popularity","PriceAsc","PriceDesc","NewItemDesc","ReviewCountDesc","HomeShoppingRank"],"promotionGroups":[],"promotions":[],"discountBenefits":[],"isBigSmileFilterAvailable":false,"isFilterDisabled":false},"searchContent":{"sortOrderby":0,"pageNo":1,"pageSize":100,"totalResultCount":100,"banners":[],"bannerCount":0,"itemCount":100,"items":[{"itemNo":"2518442470","itemName":"CJ 다담 순두부 찌개양념 140g","itemUrl":"https://item.gmarket.co.kr/Item?goodscode=2518442470","imageUrl":"//gdimg.gmarket.co.kr/2518442470/still/400?ver=1725092658","sdBrandName":"백설","itemPrice":2380,"buyCount":17210,"reviewPoint":{"starPoint":4.78,"reviewCount":3231},"isBigSmileItem":false,"isSoldOut":false,"couponDiscount":{"discountType":"R","discountPrice":"0","discountRate":"15"},"cardDiscount":{"discountRate":0},"sellerInfo":{"sellCustNo":"155104283","sellLoginId":"emartmall2","nickname":"이마트몰쓱배송","isLmoOfficialSeller":false,"isFashionSquareSeller":false,"isBrandOfficialSeller":false},"hasOption":false,"isAdult":false,"isCartVisible":true,"discountRate":0,"sellPrice":2380,"tagLabels":[{"code":0,"text":"1"}],"buyUnitCount":1,"deliveryCode":"M","unitPrice":{"unit":100,"unitName":"g","price":1700},"rank":1,"lcode":"100000036","mcode":"200001208","scode":"300012562"},{"itemNo":"2518506569","itemName":"백설 올리브오일900ml","itemUrl":"https://item.gmarket.co.kr/Item?goodscode=2518506569","imageUrl":"//gdimg.gmarket.co.kr/2518506569/still/400?ver=1725088014","sdBrandName":"백설","itemPrice":19800,"buyCount":3309,"reviewPoint":{"starPoint":4.76,"reviewCount":880},"isBigSmileItem":false,"isSoldOut":false,"couponDiscount":{"discountType":"R","discountPrice":"0","discountRate":"15"},"cardDiscount":{"discountRate":0},"sellerInfo":{"sellCustNo":"155104283","sellLoginId":"emartmall2","nickname":"이마트몰쓱배송","isLmoOfficialSeller":false,"isFashionSquareSeller":false,"isBrandOfficialSeller":false},"hasOption":false,"isAdult":false,"isCartVisible":true,"discountRate":0,"sellPrice":19800,"tagLabels":[{"code":0,"text":"2"}],"buyUnitCount":1,"deliveryCode":"M","unitPrice":{"unit":100,"unitName":"mL","price":2200},"rank":2,"lcode":"100000036","mcode":"200001207","scode":"300004153"},{"itemNo":"2522514198","itemName":"산루카스아보카도오일 1000ml","itemUrl":"https://item.gmarket.co.kr/Item?goodscode=2522514198","imageUrl":"//gdimg.gmarket.co.kr/2522514198/still/400?ver=1725102784","itemPrice":24980,"buyCount":3681,"reviewPoint":{"starPoint":4.79,"reviewCount":939},"isBigSmileItem":false,"isSoldOut":false,"couponDiscount":{"discountType":"R","discountPrice":"0","discountRate":"15"},"cardDiscount":{"discountRate":0},"sellerInfo":{"sellCustNo":"155104283","sellLoginId":"emartmall2","nickname":"이마트몰쓱배송","isLmoOfficialSeller":false,"isFashionSquareSeller":false,"isBrandOfficialSeller":false},"hasOption":false,"isAdult":false,"isCartVisible":true,"discountRate":0,"sellPrice":24980,"tagLabels":[{"code":0,"text":"3"}],"buyUnitCount":1,"deliveryCode":"M","rank":3,"lcode":"100000036","mcode":"200001207","scode":"300024646"},{"itemNo":"3175864982","itemName":"백설 멸치디포리가득 육수에는 1분링 80g","itemUrl":"https://item.gmarket.co.kr/Item?goodscode=3175864982","imageUrl":"//gdimg.gmarket.co.kr/3175864982/still/400?ver=1725134781","itemPrice":7980,"buyCount":5122,"reviewPoint":{"starPoint":4.73,"reviewCount":1332},"isBigSmileItem":false,"isSoldOut":false,"couponDiscount":{"discountType":"R","discountPrice":"0","discountRate":"15"},"cardDiscount":{"discountRate":0},"sellerInfo":{"sellCustNo":"155104283","sellLoginId":"emartmall2","nickname":"이마트몰쓱배송","isLmoOfficialSeller":false,"isFashionSquareSeller":false,"isBrandOfficialSeller":false},"hasOption":false,"isAdult":false,"isCartVisible":true,"discountRate":0,"sellPrice":7980,"tagLabels":[{"code":0,"text":"4"}],"buyUnitCount":1,"deliveryCode":"M","rank":4,"lcode":"100000036","mcode":"200001208","scode":"300021915"},{"itemNo":"2518496341","itemName":"오뚜기 토마토케찹500g","itemUrl":"https://item.gmarket.co.kr/Item?goodscode=2518496341","imageUrl":"//gdimg.gmarket.co.kr/2518496341/still/400?ver=1725092688","sdBrandName":"오뚜기","itemPrice":3180,"buyCount":12803,"reviewPoint":{"starPoint":4.81,"reviewCount":3956},"isBigSmileItem":false,"isSoldOut":false,"couponDiscount":{"discountType":"R","discountPrice":"0","discountRate":"15"},"cardDiscount":{"discountRate":0},"sellerInfo":{"sellCustNo":"155104283","sellLoginId":"emartmall2","nickname":"이마트몰쓱배송","isLmoOfficialSeller":false,"isFashionSquareSeller":false,"isBrandOfficialSeller":false},"hasOption":false,"isAdult":false,"isCartVisible":true,"discountRate":0,"sellPrice":3180,"tagLabels":[{"code":0,"text":"5"}],"buyUnitCount":1,"deliveryCode":"M","unitPrice":{"unit":100,"unitName":"g","price":636},"rank":5,"lcode":"100000036","mcode":"200002366","scode":"300028703"},{"itemNo":"2518574721","itemName":"백설 대두유1.8L","itemUrl":"https://item.gmarket.co.kr/Item?goodscode=2518574721","imageUrl":"//gdimg.gmarket.co.kr/2518574721/still/400?ver=1725092704","sdBrandName":"백설","itemPrice":6480,"buyCount":10341,"reviewPoint":{"starPoint":4.79,"reviewCount":2956},"isBigSmileItem":false,"isSoldOut":false,"couponDiscount":{"discountType":"R","discountPrice":"0","discountRate":"15"},"cardDiscount":{"discountRate":0},"sellerInfo":{"sellCustNo":"155104283","sellLoginId":"emartmall2","nickname":"이마트몰쓱배송","isLmoOfficialSeller":false,"isFashionSquareSeller":false,"isBrandOfficialSeller":false},"hasOption":false,"isAdult":false,"isCartVisible":true,"discountRate":0,"sellPrice":6480,"tagLabels":[{"code":0,"text":"6"}],"buyUnitCount":1,"deliveryCode":"M","unitPrice":{"unit":100,"unitName":"mL","price":360},"rank":6,"lcode":"100000036","mcode":"200001207","scode":"300012409"},{"itemNo":"3391439233","itemName":"백설 고소함가득참기름330ml","itemUrl":"https://item.gmarket.co.kr/Item?goodscode=3391439233","imageUrl":"//gdimg.gmarket.co.kr/3391439233/still/400?ver=1725137542","sdBrandName":"백설","itemPrice":5480,"buyCount":2754,"reviewPoint":{"starPoint":4.69,"reviewCount":925},"isBigSmileItem":false,"isSoldOut":false,"couponDiscount":{"discountType":"R","discountPrice":"0","discountRate":"15"},"cardDiscount":{"discountRate":0},"sellerInfo":{"sellCustNo":"155104283","sellLoginId":"emartmall2","nickname":"이마트몰쓱배송","isLmoOfficialSeller":false,"isFashionSquareSeller":false,"isBrandOfficialSeller":false},"hasOption":false,"isAdult":false,"isCartVisible":true,"discountRate":0,"sellPrice":5480,"tagLabels":[{"code":0,"text":"7"}],"buyUnitCount":1,"deliveryCode":"M","unitPrice":{"unit":10,"unitName":"mL","price":166},"rank":7,"lcode":"100000036","mcode":"200001207","scode":"300012408"},{"itemNo":"2518358854","itemName":"해표 식용유900ml","itemUrl":"https://item.gmarket.co.kr/Item?goodscode=2518358854","imageUrl":"//gdimg.gmarket.co.kr/2518358854/still/400?ver=1725088541","sdBrandName":"사조해표","itemPrice":3980,"buyCount":6047,"reviewPoint":{"starPoint":4.76,"reviewCount":1882},"isBigSmileItem":false,"isSoldOut":false,"couponDiscount":{"discountType":"R","discountPrice":"0","discountRate":"15"},"cardDiscount":{"discountRate":0},"sellerInfo":{"sellCustNo":"155104283","sellLoginId":"emartmall2","nickname":"이마트몰쓱배송","isLmoOfficialSeller":false,"isFashionSquareSeller":false,"isBrandOfficialSeller":false},"hasOption":false,"isAdult":false,"isCartVisible":true,"discountRate":0,"sellPrice":3980,"tagLabels":[{"code":0,"text":"8"}],"buyUnitCount":1,"deliveryCode":"M","unitPrice":{"unit":100,"unitName":"mL","price":442},"rank":8,"lcode":"100000036","mcode":"200001207","scode":"300012409"},{"itemNo":"2522278051","itemName":"올리비탈 올리브오일 1L(퓨어)","itemUrl":"https://item.gmarket.co.kr/Item?goodscode=2522278051","imageUrl":"//gdimg.gmarket.co.kr/2522278051/still/400?ver=1725101014","sdBrandName":"올리비탈","itemPrice":26500,"buyCount":480,"reviewPoint":{"starPoint":4.74,"reviewCount":192},"isBigSmileItem":false,"isSoldOut":false,"couponDiscount":{"discountType":"R","discountPrice":"0","discountRate":"15"},"cardDiscount":{"discountRate":0},"sellerInfo":{"sellCustNo":"155104283","sellLoginId":"emartmall2","nickname":"이마트몰쓱배송","isLmoOfficialSeller":false,"isFashionSquareSeller":false,"isBrandOfficialSeller":false},"hasOption":false,"isAdult":false,"isCartVisible":true,"discountRate":0,"sellPrice":26500,"tagLabels":[{"code":0,"text":"9"}],"buyUnitCount":1,"deliveryCode":"M","unitPrice":{"unit":100,"unitName":"mL","price":2650},"rank":9,"lcode":"100000036","mcode":"200001207","scode":"300004153"},{"itemNo":"2523614161","itemName":"노브랜드 정성깃든고추장 1kg","itemUrl":"https://item.gmarket.co.kr/Item?goodscode=2523614161","imageUrl":"//gdimg.gmarket.co.kr/2523614161/still/400?ver=1725102072","sdBrandName":"노브랜드","itemPrice":3980,"buyCount":12903,"reviewPoint":{"starPoint":4.76,"reviewCount":5359},"isBigSmileItem":false,"isSoldOut":false,"cardDiscount":{"discountRate":0},"sellerInfo":{"sellCustNo":"155104283","sellLoginId":"emartmall2","nickname":"이마트몰쓱배송","isLmoOfficialSeller":false,"isFashionSquareSeller":false,"isBrandOfficialSeller":false},"hasOption":false,"isAdult":false,"isCartVisible":true,"discountRate":0,"sellPrice":3980,"tagLabels":[{"code":0,"text":"10"}],"buyUnitCount":1,"deliveryCode":"M","unitPrice":{"unit":100,"unitName":"g","price":398},"rank":10,"lcode":"100000036","mcode":"200002368","scode":"300012414"},{"itemNo":"2523610809","itemName":"노브랜드 정성깃든쌈장 500g","itemUrl":"https://item.gmarket.co.kr/Item?goodscode=2523610809","imageUrl":"//gdimg.gmarket.co.kr/2523610809/still/400?ver=1725102552","sdBrandName":"노브랜드","itemPrice":1980,"buyCount":20369,"reviewPoint":{"starPoint":4.75,"reviewCount":8194},"isBigSmileItem":false,"isSoldOut":false,"cardDiscount":{"discountRate":0},"sellerInfo":{"sellCustNo":"155104283","sellLoginId":"emartmall2","nickname":"이마트몰쓱배송","isLmoOfficialSeller":false,"isFashionSquareSeller":false,"isBrandOfficialSeller":false},"hasOption":false,"isAdult":false,"isCartVisible":true,"discountRate":0,"sellPrice":1980,"tagLabels":[{"code":0,"text":"11"}],"buyUnitCount":1,"deliveryCode":"M","unitPrice":{"unit":100,"unitName":"g","price":396},"rank":11,"lcode":"100000036","mcode":"200002368","scode":"300028676"},{"itemNo":"2523423393","itemName":"노브랜드 홈스타일 크림 스파게티 소스 400g","itemUrl":"https://item.gmarket.co.kr/Item?goodscode=2523423393","imageUrl":"//gdimg.gmarket.co.kr/2523423393/still/400?ver=1725100385","sdBrandName":"노브랜드","itemPrice":2280,"buyCount":17442,"reviewPoint":{"starPoint":4.76,"reviewCount":4643},"isBigSmileItem":false,"isSoldOut":false,"cardDiscount":{"discountRate":0},"sellerInfo":{"sellCustNo":"155104283","sellLoginId":"emartmall2","nickname":"이마트몰쓱배송","isLmoOfficialSeller":false,"isFashionSquareSeller":false,"isBrandOfficialSeller":false},"hasOption":false,"isAdult":false,"isCartVisible":true,"discountRate":0,"sellPrice":2280,"tagLabels":[{"code":0,"text":"12"}],"buyUnitCount":1,"deliveryCode":"M","unitPrice":{"unit":100,"unitName":"g","price":570},"rank":12,"lcode":"100000036","mcode":"200002366","scode":"300024608"},{"itemNo":"2782031920","itemName":"모니니 클라시코 엑스트라버진 올리브유1L","itemUrl":"https://item.gmarket.co.kr/Item?goodscode=2782031920","imageUrl":"//gdimg.gmarket.co.kr/2782031920/still/400?ver=1725091371","sdBrandName":"모니니","itemPrice":32980,"buyCount":900,"reviewPoint":{"starPoint":4.75,"reviewCount":330},"isBigSmileItem":false,"isSoldOut":false,"couponDiscount":{"discountType":"R","discountPrice":"0","discountRate":"15"},"cardDiscount":{"discountRate":0},"sellerInfo":{"sellCustNo":"155104283","sellLoginId":"emartmall2","nickname":"이마트몰쓱배송","isLmoOfficialSeller":false,"isFashionSquareSeller":false,"isBrandOfficialSeller":false},"hasOption":false,"isAdult":false,"isCartVisible":true,"discountRate":0,"sellPrice":32980,"tagLabels":[{"code":0,"text":"13"}],"buyUnitCount":1,"deliveryCode":"M","unitPrice":{"unit":100,"unitName":"mL","price":3298},"rank":13,"lcode":"100000036","mcode":"200001207","scode":"300004153"},{"itemNo":"2518496817","itemName":"백설  하얀설탕 (1kg)","itemUrl":"https://item.gmarket.co.kr/Item?goodscode=2518496817","imageUrl":"//gdimg.gmarket.co.kr/2518496817/still/400?ver=1725092706","sdBrandName":"백설","itemPrice":2330,"buyCount":12954,"reviewPoint":{"starPoint":4.77,"reviewCount":3546},"isBigSmileItem":false,"isSoldOut":false,"couponDiscount":{"discountType":"R","discountPrice":"0","discountRate":"15"},"cardDiscount":{"discountRate":0},"sellerInfo":{"sellCustNo":"155104283","sellLoginId":"emartmall2","nickname":"이마트몰쓱배송","isLmoOfficialSeller":false,"isFashionSquareSeller":false,"isBrandOfficialSeller":false},"hasOption":false,"isAdult":false,"isCartVisible":true,"discountRate":0,"sellPrice":2330,"tagLabels":[{"code":0,"text":"14"}],"buyUnitCount":1,"deliveryCode":"M","unitPrice":{"unit":100,"unitName":"g","price":233},"rank":14,"lcode":"100000036","mcode":"200001208","scode":"300028730"},{"itemNo":"3951321519","itemName":"오뚜기 부침가루 1kg","itemUrl":"https://item.gmarket.co.kr/Item?goodscode=3951321519","imageUrl":"//gdimg.gmarket.co.kr/3951321519/still/400?ver=1725092694","sdBrandName":"오뚜기","itemPrice":2980,"buyCount":382,"reviewPoint":{"starPoint":4.75,"reviewCount":112},"isBigSmileItem":false,"isSoldOut":false,"couponDiscount":{"discountType":"R","discountPrice":"0","discountRate":"15"},"cardDiscount":{"discountRate":0},"sellerInfo":{"sellCustNo":"155104283","sellLoginId":"emartmall2","nickname":"이마트몰쓱배송","isLmoOfficialSeller":false,"isFashionSquareSeller":false,"isBrandOfficialSeller":false},"hasOption":false,"isAdult":false,"isCartVisible":true,"discountRate":0,"sellPrice":2980,"tagLabels":[{"code":0,"text":"15"}],"buyUnitCount":1,"deliveryCode":"M","unitPrice":{"unit":100,"unitName":"g","price":298},"rank":15,"lcode":"100000036","mcode":"200002367","scode":"300024615"},{"itemNo":"2518481131","itemName":"오뚜기 양조식초 1.8L","itemUrl":"https://item.gmarket.co.kr/Item?goodscode=2518481131","imageUrl":"//gdimg.gmarket.co.kr/2518481131/still/400?ver=1725092675","sdBrandName":"오뚜기","itemPrice":2600,"buyCount":17807,"reviewPoint":{"starPoint":4.75,"reviewCount":5075},"isBigSmileItem":false,"isSoldOut":false,"couponDiscount":{"discountType":"R","discountPrice":"0","discountRate":"15"},"cardDiscount":{"discountRate":0},"sellerInfo":{"sellCustNo":"155104283","sellLoginId":"emartmall2","nickname":"이마트몰쓱배송","isLmoOfficialSeller":false,"isFashionSquareSeller":false,"isBrandOfficialSeller":false},"hasOption":false,"isAdult":false,"isCartVisible":true,"discountRate":0,"sellPrice":2600,"tagLabels":[{"code":0,"text":"16"}],"buyUnitCount":1,"deliveryCode":"M","unitPrice":{"unit":10,"unitName":"mL","price":14},"rank":16,"lcode":"100000036","mcode":"200001208","scode":"300012423"},{"itemNo":"2518482826","itemName":"CJ 다시다 쇠고기 골드 1kg","itemUrl":"https://item.gmarket.co.kr/Item?goodscode=2518482826","imageUrl":"//gdimg.gmarket.co.kr/2518482826/still/400?ver=1725088528","sdBrandName":"다시다","itemPrice":20500,"buyCount":2193,"reviewPoint":{"starPoint":4.79,"reviewCount":863},"isBigSmileItem":false,"isSoldOut":false,"couponDiscount":{"discountType":"R","discountPrice":"0","discountRate":"15"},"cardDiscount":{"discountRate":0},"sellerInfo":{"sellCustNo":"155104283","sellLoginId":"emartmall2","nickname":"이마트몰쓱배송","isLmoOfficialSeller":false,"isFashionSquareSeller":false,"isBrandOfficialSeller":false},"hasOption":false,"isAdult":false,"isCartVisible":true,"discountRate":0,"sellPrice":20500,"tagLabels":[{"code":0,"text":"17"}],"buyUnitCount":1,"deliveryCode":"M","rank":17,"lcode":"100000036","mcode":"200001208","scode":"300021915"},{"itemNo":"2523423133","itemName":"노브랜드 홈스타일 토마토 스파게티 소스 400g","itemUrl":"https://item.gmarket.co.kr/Item?goodscode=2523423133","imageUrl":"//gdimg.gmarket.co.kr/2523423133/still/400?ver=1725100126","sdBrandName":"노브랜드","itemPrice":2180,"buyCount":16009,"reviewPoint":{"starPoint":4.75,"reviewCount":4364},"isBigSmileItem":false,"isSoldOut":false,"cardDiscount":{"discountRate":0},"sellerInfo":{"sellCustNo":"155104283","sellLoginId":"emartmall2","nickname":"이마트몰쓱배송","isLmoOfficialSeller":false,"isFashionSquareSeller":false,"isBrandOfficialSeller":false},"hasOption":false,"isAdult":false,"isCartVisible":true,"discountRate":0,"sellPrice":2180,"tagLabels":[{"code":0,"text":"18"}],"buyUnitCount":1,"deliveryCode":"M","unitPrice":{"unit":100,"unitName":"g","price":545},"rank":18,"lcode":"100000036","mcode":"200002366","scode":"300024608"},{"itemNo":"2522760830","itemName":"풀무원 순생나또 12입 594g","itemUrl":"https://item.gmarket.co.kr/Item?goodscode=2522760830","imageUrl":"//gdimg.gmarket.co.kr/2522760830/still/400?ver=1725105280","sdBrandName":"풀무원","itemPrice":10980,"buyCount":5919,"reviewPoint":{"starPoint":4.7,"reviewCount":2384},"isBigSmileItem":false,"isSoldOut":false,"couponDiscount":{"discountType":"R","discountPrice":"0","discountRate":"15"},"cardDiscount":{"discountRate":0},"sellerInfo":{"sellCustNo":"155104283","sellLoginId":"emartmall2","nickname":"이마트몰쓱배송","isLmoOfficialSeller":false,"isFashionSquareSeller":false,"isBrandOfficialSeller":false},"hasOption":false,"isAdult":false,"isCartVisible":true,"discountRate":0,"sellPrice":10980,"tagLabels":[{"code":0,"text":"19"}],"buyUnitCount":1,"deliveryCode":"M","unitPrice":{"unit":100,"unitName":"g","price":1848},"rank":19,"lcode":"100000036","mcode":"200002368","scode":"300024619"},{"itemNo":"2518490168","itemName":"해표 포도씨오일900ml","itemUrl":"https://item.gmarket.co.kr/Item?goodscode=2518490168","imageUrl":"//gdimg.gmarket.co.kr/2518490168/still/400?ver=1725088227","sdBrandName":"사조해표","itemPrice":8000,"buyCount":3662,"reviewPoint":{"starPoint":4.79,"reviewCount":935},"isBigSmileItem":false,"isSoldOut":false,"couponDiscount":{"discountType":"R","discountPrice":"0","discountRate":"15"},"cardDiscount":{"discountRate":0},"sellerInfo":{"sellCustNo":"155104283","sellLoginId":"emartmall2","nickname":"이마트몰쓱배송","isLmoOfficialSeller":false,"isFashionSquareSeller":false,"isBrandOfficialSeller":false},"hasOption":false,"isAdult":false,"isCartVisible":true,"discountRate":0,"sellPrice":8000,"tagLabels":[{"code":0,"text":"20"}],"buyUnitCount":1,"deliveryCode":"M","unitPrice":{"unit":100,"unitName":"mL","price":889},"rank":20,"lcode":"100000036","mcode":"200001207","scode":"300012411"},{"itemNo":"2625411895","itemName":"대상 미원 맛소금 250g","itemUrl":"https://item.gmarket.co.kr/Item?goodscode=2625411895","imageUrl":"//gdimg.gmarket.co.kr/2625411895/still/400?ver=1725092701","sdBrandName":"미원","itemPrice":1440,"buyCount":8257,"reviewPoint":{"starPoint":4.77,"reviewCount":3179},"isBigSmileItem":false,"isSoldOut":false,"couponDiscount":{"discountType":"R","discountPrice":"0","discountRate":"15"},"cardDiscount":{"discountRate":0},"sellerInfo":{"sellCustNo":"155104283","sellLoginId":"emartmall2","nickname":"이마트몰쓱배송","isLmoOfficialSeller":false,"isFashionSquareSeller":false,"isBrandOfficialSeller":false},"hasOption":false,"isAdult":false,"isCartVisible":true,"discountRate":0,"sellPrice":1440,"tagLabels":[{"code":0,"text":"21"}],"buyUnitCount":1,"deliveryCode":"M","unitPrice":{"unit":100,"unitName":"g","price":576},"rank":21,"lcode":"100000036","mcode":"200001208","scode":"300028731"},{"itemNo":"2518496584","itemName":"오뚜기 골드 마요네즈 300g","itemUrl":"https://item.gmarket.co.kr/Item?goodscode=2518496584","imageUrl":"//gdimg.gmarket.co.kr/2518496584/still/400?ver=1725092602","sdBrandName":"오뚜기","itemPrice":3950,"buyCount":9233,"reviewPoint":{"starPoint":4.77,"reviewCount":2794},"isBigSmileItem":false,"isSoldOut":false,"couponDiscount":{"discountType":"R","discountPrice":"0","discountRate":"15"},"cardDiscount":{"discountRate":0},"sellerInfo":{"sellCustNo":"155104283","sellLoginId":"emartmall2","nickname":"이마트몰쓱배송","isLmoOfficialSeller":false,"isFashionSquareSeller":false,"isBrandOfficialSeller":false},"hasOption":false,"isAdult":false,"isCartVisible":true,"discountRate":0,"sellPrice":3950,"tagLabels":[{"code":0,"text":"22"}],"buyUnitCount":1,"deliveryCode":"M","unitPrice":{"unit":100,"unitName":"g","price":1317},"rank":22,"lcode":"100000036","mcode":"200002366","scode":"300028703"},{"itemNo":"2518442383","itemName":"몽고 송표간장프라임 1.8L","itemUrl":"https://item.gmarket.co.kr/Item?goodscode=2518442383","imageUrl":"//gdimg.gmarket.co.kr/2518442383/still/400?ver=1725088399","sdBrandName":"마산명산","itemPrice":14980,"buyCount":577,"reviewPoint":{"starPoint":4.76,"reviewCount":170},"isBigSmileItem":false,"isSoldOut":false,"couponDiscount":{"discountType":"R","discountPrice":"0","discountRate":"15"},"cardDiscount":{"discountRate":0},"sellerInfo":{"sellCustNo":"155104283","sellLoginId":"emartmall2","nickname":"이마트몰쓱배송","isLmoOfficialSeller":false,"isFashionSquareSeller":false,"isBrandOfficialSeller":false},"hasOption":false,"isAdult":false,"isCartVisible":true,"discountRate":0,"sellPrice":14980,"tagLabels":[{"code":0,"text":"23"}],"buyUnitCount":1,"deliveryCode":"M","rank":23,"lcode":"100000036","mcode":"200002368","scode":"300024618"},{"itemNo":"2518624786","itemName":"오뚜기 옛날참기름450ml(캔)","itemUrl":"https://item.gmarket.co.kr/Item?goodscode=2518624786","imageUrl":"//gdimg.gmarket.co.kr/2518624786/still/400?ver=1725091572","sdBrandName":"오뚜기","itemPrice":7980,"buyCount":5887,"reviewPoint":{"starPoint":4.73,"reviewCount":1655},"isBigSmileItem":false,"isSoldOut":false,"couponDiscount":{"discountType":"R","discountPrice":"0","discountRate":"15"},"cardDiscount":{"discountRate":0},"sellerInfo":{"sellCustNo":"155104283","sellLoginId":"emartmall2","nickname":"이마트몰쓱배송","isLmoOfficialSeller":false,"isFashionSquareSeller":false,"isBrandOfficialSeller":false},"hasOption":false,"isAdult":false,"isCartVisible":true,"discountRate":0,"sellPrice":7980,"tagLabels":[{"code":0,"text":"24"}],"buyUnitCount":1,"deliveryCode":"M","unitPrice":{"unit":10,"unitName":"mL","price":177},"rank":24,"lcode":"100000036","mcode":"200001207","scode":"300012408"},{"itemNo":"3026275596","itemName":"CJ 백설 참치액 진 더 풍부한 맛 500g","itemUrl":"https://item.gmarket.co.kr/Item?goodscode=3026275596","imageUrl":"//gdimg.gmarket.co.kr/3026275596/still/400?ver=1725133166","itemPrice":7980,"buyCount":1163,"reviewPoint":{"starPoint":4.81,"reviewCount":293},"isBigSmileItem":false,"isSoldOut":false,"couponDiscount":{"discountType":"R","discountPrice":"0","discountRate":"15"},"cardDiscount":{"discountRate":0},"sellerInfo":{"sellCustNo":"155104283","sellLoginId":"emartmall2","nickname":"이마트몰쓱배송","isLmoOfficialSeller":false,"isFashionSquareSeller":false,"isBrandOfficialSeller":false},"hasOption":false,"isAdult":false,"isCartVisible":true,"discountRate":0,"sellPrice":7980,"tagLabels":[{"code":0,"text":"25"}],"buyUnitCount":1,"deliveryCode":"M","rank":25,"lcode":"100000036","mcode":"200001208","scode":"300021915"},{"itemNo":"2518497470","itemName":"오뚜기 토마토케찹 300g","itemUrl":"https://item.gmarket.co.kr/Item?goodscode=2518497470","imageUrl":"//gdimg.gmarket.co.kr/2518497470/still/400?ver=1725092613","sdBrandName":"오뚜기","itemPrice":2180,"buyCount":13306,"reviewPoint":{"starPoint":4.78,"reviewCount":4304},"isBigSmileItem":false,"isSoldOut":false,"couponDiscount":{"discountType":"R","discountPrice":"0","discountRate":"15"},"cardDiscount":{"discountRate":0},"sellerInfo":{"sellCustNo":"155104283","sellLoginId":"emartmall2","nickname":"이마트몰쓱배송","isLmoOfficialSeller":false,"isFashionSquareSeller":false,"isBrandOfficialSeller":false},"hasOption":false,"isAdult":false,"isCartVisible":true,"discountRate":0,"sellPrice":2180,"tagLabels":[{"code":0,"text":"26"}],"buyUnitCount":1,"deliveryCode":"M","unitPrice":{"unit":100,"unitName":"g","price":727},"rank":26,"lcode":"100000036","mcode":"200002366","scode":"300028703"},{"itemNo":"2903929505","itemName":"피코크 올리브오일 500ml(아르베키나)","itemUrl":"https://item.gmarket.co.kr/Item?goodscode=2903929505","imageUrl":"//gdimg.gmarket.co.kr/2903929505/still/400?ver=1725127630","itemPrice":11480,"buyCount":911,"reviewPoint":{"starPoint":4.79,"reviewCount":262},"isBigSmileItem":false,"isSoldOut":false,"couponDiscount":{"discountType":"R","discountPrice":"0","discountRate":"15"},"cardDiscount":{"discountRate":0},"sellerInfo":{"sellCustNo":"155104283","sellLoginId":"emartmall2","nickname":"이마트몰쓱배송","isLmoOfficialSeller":false,"isFashionSquareSeller":false,"isBrandOfficialSeller":false},"hasOption":false,"isAdult":false,"isCartVisible":true,"discountRate":0,"sellPrice":11480,"tagLabels":[{"code":0,"text":"27"}],"buyUnitCount":1,"deliveryCode":"M","rank":27,"lcode":"100000036","mcode":"200001207","scode":"300004153"},{"itemNo":"2518358674","itemName":"해표 식용유1.8L","itemUrl":"https://item.gmarket.co.kr/Item?goodscode=2518358674","imageUrl":"//gdimg.gmarket.co.kr/2518358674/still/400?ver=1725092679","sdBrandName":"사조해표","itemPrice":6980,"buyCount":27340,"reviewPoint":{"starPoint":4.79,"reviewCount":3134},"isBigSmileItem":false,"isSoldOut":false,"couponDiscount":{"discountType":"R","discountPrice":"0","discountRate":"15"},"cardDiscount":{"discountRate":0},"sellerInfo":{"sellCustNo":"155104283","sellLoginId":"emartmall2","nickname":"이마트몰쓱배송","isLmoOfficialSeller":false,"isFashionSquareSeller":false,"isBrandOfficialSeller":false},"hasOption":false,"isAdult":false,"isCartVisible":true,"discountRate":0,"sellPrice":6980,"tagLabels":[{"code":0,"text":"28"}],"buyUnitCount":1,"deliveryCode":"M","unitPrice":{"unit":100,"unitName":"mL","price":388},"rank":28,"lcode":"100000036","mcode":"200001207","scode":"300012409"},{"itemNo":"2518717808","itemName":"올리비탈 올리브오일1L","itemUrl":"https://item.gmarket.co.kr/Item?goodscode=2518717808","imageUrl":"//gdimg.gmarket.co.kr/2518717808/still/400?ver=1725092033","sdBrandName":"올리비탈","itemPrice":27800,"buyCount":576,"reviewPoint":{"starPoint":4.75,"reviewCount":176},"isBigSmileItem":false,"isSoldOut":false,"couponDiscount":{"discountType":"R","discountPrice":"0","discountRate":"15"},"cardDiscount":{"discountRate":0},"sellerInfo":{"sellCustNo":"155104283","sellLoginId":"emartmall2","nickname":"이마트몰쓱배송","isLmoOfficialSeller":false,"isFashionSquareSeller":false,"isBrandOfficialSeller":false},"hasOption":false,"isAdult":false,"isCartVisible":true,"discountRate":0,"sellPrice":27800,"tagLabels":[{"code":0,"text":"29"}],"buyUnitCount":1,"deliveryCode":"M","unitPrice":{"unit":100,"unitName":"mL","price":2780},"rank":29,"lcode":"100000036","mcode":"200001207","scode":"300004153"},{"itemNo":"2522511816","itemName":"미림 900ml","itemUrl":"https://item.gmarket.co.kr/Item?goodscode=2522511816","imageUrl":"//gdimg.gmarket.co.kr/2522511816/still/400?ver=1725102164","sdBrandName":"롯데칠성","itemPrice":3670,"buyCount":5028,"reviewPoint":{"starPoint":4.75,"reviewCount":1783},"isBigSmileItem":false,"isSoldOut":false,"couponDiscount":{"discountType":"R","discountPrice":"0","discountRate":"15"},"cardDiscount":{"discountRate":0},"sellerInfo":{"sellCustNo":"155104283","sellLoginId":"emartmall2","nickname":"이마트몰쓱배송","isLmoOfficialSeller":false,"isFashionSquareSeller":false,"isBrandOfficialSeller":false},"hasOption":false,"isAdult":false,"isCartVisible":true,"discountRate":0,"sellPrice":3670,"tagLabels":[{"code":0,"text":"30"}],"buyUnitCount":1,"deliveryCode":"M","rank":30,"lcode":"100000036","mcode":"200001208","scode":"300021915"},{"itemNo":"2518900786","itemName":"노브랜드 중력밀가루 1kg","itemUrl":"https://item.gmarket.co.kr/Item?goodscode=2518900786","imageUrl":"//gdimg.gmarket.co.kr/2518900786/still/400?ver=1725114267","sdBrandName":"노브랜드","itemPrice":1380,"buyCount":6910,"reviewPoint":{"starPoint":4.74,"reviewCount":2653},"isBigSmileItem":false,"isSoldOut":false,"cardDiscount":{"discountRate":0},"sellerInfo":{"sellCustNo":"155104283","sellLoginId":"emartmall2","nickname":"이마트몰쓱배송","isLmoOfficialSeller":false,"isFashionSquareSeller":false,"isBrandOfficialSeller":false},"hasOption":false,"isAdult":false,"isCartVisible":true,"discountRate":0,"sellPrice":1380,"tagLabels":[{"code":0,"text":"31"}],"buyUnitCount":1,"deliveryCode":"M","unitPrice":{"unit":100,"unitName":"g","price":138},"rank":31,"lcode":"100000036","mcode":"200002367","scode":"300028698"},{"itemNo":"2903929557","itemName":"피코크 올리브오일 500ml(오히블랑카)","itemUrl":"https://item.gmarket.co.kr/Item?goodscode=2903929557","imageUrl":"//gdimg.gmarket.co.kr/2903929557/still/400?ver=1725127628","itemPrice":11480,"buyCount":668,"reviewPoint":{"starPoint":4.77,"reviewCount":202},"isBigSmileItem":false,"isSoldOut":false,"couponDiscount":{"discountType":"R","discountPrice":"0","discountRate":"15"},"cardDiscount":{"discountRate":0},"sellerInfo":{"sellCustNo":"155104283","sellLoginId":"emartmall2","nickname":"이마트몰쓱배송","isLmoOfficialSeller":false,"isFashionSquareSeller":false,"isBrandOfficialSeller":false},"hasOption":false,"isAdult":false,"isCartVisible":true,"discountRate":0,"sellPrice":11480,"tagLabels":[{"code":0,"text":"32"}],"buyUnitCount":1,"deliveryCode":"M","rank":32,"lcode":"100000036","mcode":"200001207","scode":"300004153"},{"itemNo":"2523112832","itemName":"파르키오니 올리브오일1L","itemUrl":"https://item.gmarket.co.kr/Item?goodscode=2523112832","imageUrl":"//gdimg.gmarket.co.kr/2523112832/still/400?ver=1725099922","itemPrice":27800,"buyCount":131,"reviewPoint":{"starPoint":4.58,"reviewCount":46},"isBigSmileItem":false,"isSoldOut":false,"couponDiscount":{"discountType":"R","discountPrice":"0","discountRate":"15"},"cardDiscount":{"discountRate":0},"sellerInfo":{"sellCustNo":"155104283","sellLoginId":"emartmall2","nickname":"이마트몰쓱배송","isLmoOfficialSeller":false,"isFashionSquareSeller":false,"isBrandOfficialSeller":false},"hasOption":false,"isAdult":false,"isCartVisible":true,"discountRate":0,"sellPrice":27800,"tagLabels":[{"code":0,"text":"33"}],"buyUnitCount":1,"deliveryCode":"M","unitPrice":{"unit":100,"unitName":"mL","price":2780},"rank":33,"lcode":"100000036","mcode":"200001207","scode":"300004153"},{"itemNo":"2518616472","itemName":"백설  소갈비 양념 500g","itemUrl":"https://item.gmarket.co.kr/Item?goodscode=2518616472","imageUrl":"//gdimg.gmarket.co.kr/2518616472/still/400?ver=1725091391","sdBrandName":"백설","itemPrice":3480,"buyCount":3136,"reviewPoint":{"starPoint":4.79,"reviewCount":843},"isBigSmileItem":false,"isSoldOut":false,"couponDiscount":{"discountType":"R","discountPrice":"0","discountRate":"15"},"cardDiscount":{"discountRate":0},"sellerInfo":{"sellCustNo":"155104283","sellLoginId":"emartmall2","nickname":"이마트몰쓱배송","isLmoOfficialSeller":false,"isFashionSquareSeller":false,"isBrandOfficialSeller":false},"hasOption":false,"isAdult":false,"isCartVisible":true,"discountRate":0,"sellPrice":3480,"tagLabels":[{"code":0,"text":"34"}],"buyUnitCount":1,"deliveryCode":"M","unitPrice":{"unit":100,"unitName":"g","price":696},"rank":34,"lcode":"100000036","mcode":"200001208","scode":"300012562"},{"itemNo":"3951322870","itemName":"오뚜기 튀김가루 1kg","itemUrl":"https://item.gmarket.co.kr/Item?goodscode=3951322870","imageUrl":"//gdimg.gmarket.co.kr/3951322870/still/400?ver=1725092617","sdBrandName":"오뚜기","itemPrice":2980,"buyCount":315,"reviewPoint":{"starPoint":4.63,"reviewCount":83},"isBigSmileItem":false,"isSoldOut":false,"couponDiscount":{"discountType":"R","discountPrice":"0","discountRate":"15"},"cardDiscount":{"discountRate":0},"sellerInfo":{"sellCustNo":"155104283","sellLoginId":"emartmall2","nickname":"이마트몰쓱배송","isLmoOfficialSeller":false,"isFashionSquareSeller":false,"isBrandOfficialSeller":false},"hasOption":false,"isAdult":false,"isCartVisible":true,"discountRate":0,"sellPrice":2980,"tagLabels":[{"code":0,"text":"35"}],"buyUnitCount":1,"deliveryCode":"M","unitPrice":{"unit":100,"unitName":"g","price":298},"rank":35,"lcode":"100000036","mcode":"200002367","scode":"300024615"},{"itemNo":"2519122205","itemName":"청정원 맛선생 멸치디포리 국물내기 한알 100g","itemUrl":"https://item.gmarket.co.kr/Item?goodscode=2519122205","imageUrl":"//gdimg.gmarket.co.kr/2519122205/still/400?ver=1725120941","itemPrice":9900,"buyCount":1793,"reviewPoint":{"starPoint":4.73,"reviewCount":482},"isBigSmileItem":false,"isSoldOut":false,"couponDiscount":{"discountType":"R","discountPrice":"0","discountRate":"15"},"cardDiscount":{"discountRate":0},"sellerInfo":{"sellCustNo":"155104283","sellLoginId":"emartmall2","nickname":"이마트몰쓱배송","isLmoOfficialSeller":false,"isFashionSquareSeller":false,"isBrandOfficialSeller":false},"hasOption":false,"isAdult":false,"isCartVisible":true,"discountRate":0,"sellPrice":9900,"tagLabels":[{"code":0,"text":"36"}],"buyUnitCount":1,"deliveryCode":"M","rank":36,"lcode":"100000036","mcode":"200001208","scode":"300021915"},{"itemNo":"2518574508","itemName":"다담 된장찌개 양념500g","itemUrl":"https://item.gmarket.co.kr/Item?goodscode=2518574508","imageUrl":"//gdimg.gmarket.co.kr/2518574508/still/400?ver=1725092767","sdBrandName":"백설","itemPrice":6980,"buyCount":24225,"reviewPoint":{"starPoint":4.78,"reviewCount":5561},"isBigSmileItem":false,"isSoldOut":false,"couponDiscount":{"discountType":"R","discountPrice":"0","discountRate":"15"},"cardDiscount":{"discountRate":0},"sellerInfo":{"sellCustNo":"155104283","sellLoginId":"emartmall2","nickname":"이마트몰쓱배송","isLmoOfficialSeller":false,"isFashionSquareSeller":false,"isBrandOfficialSeller":false},"hasOption":false,"isAdult":false,"isCartVisible":true,"discountRate":0,"sellPrice":6980,"tagLabels":[{"code":0,"text":"37"}],"buyUnitCount":1,"deliveryCode":"M","unitPrice":{"unit":100,"unitName":"g","price":1396},"rank":37,"lcode":"100000036","mcode":"200001208","scode":"300012562"},{"itemNo":"2518968924","itemName":"고창태양초고춧가루1kg","itemUrl":"https://item.gmarket.co.kr/Item?goodscode=2518968924","imageUrl":"//gdimg.gmarket.co.kr/2518968924/still/400?ver=1725114095","itemPrice":35880,"buyCount":560,"reviewPoint":{"starPoint":4.78,"reviewCount":251},"isBigSmileItem":false,"isSoldOut":false,"couponDiscount":{"discountType":"R","discountPrice":"0","discountRate":"15"},"cardDiscount":{"discountRate":0},"sellerInfo":{"sellCustNo":"155104283","sellLoginId":"emartmall2","nickname":"이마트몰쓱배송","isLmoOfficialSeller":false,"isFashionSquareSeller":false,"isBrandOfficialSeller":false},"hasOption":false,"isAdult":false,"isCartVisible":true,"discountRate":0,"sellPrice":35880,"tagLabels":[{"code":0,"text":"38"}],"buyUnitCount":1,"deliveryCode":"M","rank":38,"lcode":"100000036","mcode":"200001208","scode":"300028729"},{"itemNo":"2518510379","itemName":"오뚜기 파스타소스(미트) 600g","itemUrl":"https://item.gmarket.co.kr/Item?goodscode=2518510379","imageUrl":"//gdimg.gmarket.co.kr/2518510379/still/400?ver=1725088019","sdBrandName":"오뚜기","itemPrice":4980,"buyCount":5121,"reviewPoint":{"starPoint":4.79,"reviewCount":1197},"isBigSmileItem":false,"isSoldOut":false,"couponDiscount":{"discountType":"R","discountPrice":"0","discountRate":"15"},"cardDiscount":{"discountRate":0},"sellerInfo":{"sellCustNo":"155104283","sellLoginId":"emartmall2","nickname":"이마트몰쓱배송","isLmoOfficialSeller":false,"isFashionSquareSeller":false,"isBrandOfficialSeller":false},"hasOption":false,"isAdult":false,"isCartVisible":true,"discountRate":16,"sellPrice":5980,"tagLabels":[{"code":0,"text":"39"}],"buyUnitCount":1,"deliveryCode":"M","unitPrice":{"unit":100,"unitName":"g","price":830},"rank":39,"lcode":"100000036","mcode":"200002366","scode":"300024608"},{"itemNo":"2522458488","itemName":"소비기한 : 24년12월Coosur 카놀라오일1L","itemUrl":"https://item.gmarket.co.kr/Item?goodscode=2522458488","imageUrl":"//gdimg.gmarket.co.kr/2522458488/still/400?ver=1725102600","sdBrandName":"이마트","itemPrice":2100,"buyCount":1944,"reviewPoint":{"starPoint":4.74,"reviewCount":395},"isBigSmileItem":false,"isSoldOut":false,"couponDiscount":{"discountType":"R","discountPrice":"0","discountRate":"15"},"cardDiscount":{"discountRate":0},"sellerInfo":{"sellCustNo":"155104283","sellLoginId":"emartmall2","nickname":"이마트몰쓱배송","isLmoOfficialSeller":false,"isFashionSquareSeller":false,"isBrandOfficialSeller":false},"hasOption":false,"isAdult":false,"isCartVisible":true,"discountRate":42,"sellPrice":3680,"tagLabels":[{"code":0,"text":"40"}],"buyUnitCount":1,"deliveryCode":"M","unitPrice":{"unit":100,"unitName":"mL","price":210},"rank":40,"lcode":"100000036","mcode":"200001207","scode":"300012412"},{"itemNo":"2522858434","itemName":"노브랜드 생와사비 43g","itemUrl":"https://item.gmarket.co.kr/Item?goodscode=2522858434","imageUrl":"//gdimg.gmarket.co.kr/2522858434/still/400?ver=1725576499","sdBrandName":"노브랜드","itemPrice":1980,"buyCount":4709,"reviewPoint":{"starPoint":4.79,"reviewCount":1603},"isBigSmileItem":false,"isSoldOut":false,"cardDiscount":{"discountRate":0},"sellerInfo":{"sellCustNo":"155104283","sellLoginId":"emartmall2","nickname":"이마트몰쓱배송","isLmoOfficialSeller":false,"isFashionSquareSeller":false,"isBrandOfficialSeller":false},"hasOption":false,"isAdult":false,"isCartVisible":true,"discountRate":0,"sellPrice":1980,"tagLabels":[{"code":0,"text":"41"}],"buyUnitCount":1,"deliveryCode":"M","unitPrice":{"unit":10,"unitName":"g","price":460},"rank":41,"lcode":"100000036","mcode":"200001208","scode":"300024603"},{"itemNo":"2519452613","itemName":"노브랜드 순후추 100g","itemUrl":"https://item.gmarket.co.kr/Item?goodscode=2519452613","imageUrl":"//gdimg.gmarket.co.kr/2519452613/still/400?ver=1725124715","sdBrandName":"노브랜드","itemPrice":3680,"buyCount":5203,"reviewPoint":{"starPoint":4.75,"reviewCount":2429},"isBigSmileItem":false,"isSoldOut":false,"cardDiscount":{"discountRate":0},"sellerInfo":{"sellCustNo":"155104283","sellLoginId":"emartmall2","nickname":"이마트몰쓱배송","isLmoOfficialSeller":false,"isFashionSquareSeller":false,"isBrandOfficialSeller":false},"hasOption":false,"isAdult":false,"isCartVisible":true,"discountRate":0,"sellPrice":3680,"tagLabels":[{"code":0,"text":"42"}],"buyUnitCount":1,"deliveryCode":"M","unitPrice":{"unit":10,"unitName":"g","price":368},"rank":42,"lcode":"100000036","mcode":"200001208","scode":"300024602"},{"itemNo":"2522746747","itemName":"노브랜드 카놀라유 1L","itemUrl":"https://item.gmarket.co.kr/Item?goodscode=2522746747","imageUrl":"//gdimg.gmarket.co.kr/2522746747/still/400?ver=1725105468","sdBrandName":"노브랜드","itemPrice":4480,"buyCount":8784,"reviewPoint":{"starPoint":4.76,"reviewCount":2566},"isBigSmileItem":false,"isSoldOut":false,"cardDiscount":{"discountRate":0},"sellerInfo":{"sellCustNo":"155104283","sellLoginId":"emartmall2","nickname":"이마트몰쓱배송","isLmoOfficialSeller":false,"isFashionSquareSeller":false,"isBrandOfficialSeller":false},"hasOption":false,"isAdult":false,"isCartVisible":true,"discountRate":0,"sellPrice":4480,"tagLabels":[{"code":0,"text":"43"}],"buyUnitCount":1,"deliveryCode":"M","unitPrice":{"unit":100,"unitName":"mL","price":448},"rank":43,"lcode":"100000036","mcode":"200001207","scode":"300012412"},{"itemNo":"2523610486","itemName":"노브랜드 감자맛전분99.9 350g","itemUrl":"https://item.gmarket.co.kr/Item?goodscode=2523610486","imageUrl":"//gdimg.gmarket.co.kr/2523610486/still/400?ver=1725102555","itemPrice":2580,"buyCount":6203,"reviewPoint":{"starPoint":4.72,"reviewCount":2485},"isBigSmileItem":false,"isSoldOut":false,"cardDiscount":{"discountRate":0},"sellerInfo":{"sellCustNo":"155104283","sellLoginId":"emartmall2","nickname":"이마트몰쓱배송","isLmoOfficialSeller":false,"isFashionSquareSeller":false,"isBrandOfficialSeller":false},"hasOption":false,"isAdult":false,"isCartVisible":true,"discountRate":0,"sellPrice":2580,"tagLabels":[{"code":0,"text":"44"}],"buyUnitCount":1,"deliveryCode":"M","rank":44,"lcode":"100000036","mcode":"200002367","scode":"300028698"},{"itemNo":"2518504610","itemName":"CJ백설 올리고당 1.2kg","itemUrl":"https://item.gmarket.co.kr/Item?goodscode=2518504610","imageUrl":"//gdimg.gmarket.co.kr/2518504610/still/400?ver=1725088399","sdBrandName":"백설","itemPrice":4880,"buyCount":2921,"reviewPoint":{"starPoint":4.77,"reviewCount":857},"isBigSmileItem":false,"isSoldOut":false,"couponDiscount":{"discountType":"R","discountPrice":"0","discountRate":"15"},"cardDiscount":{"discountRate":0},"sellerInfo":{"sellCustNo":"155104283","sellLoginId":"emartmall2","nickname":"이마트몰쓱배송","isLmoOfficialSeller":false,"isFashionSquareSeller":false,"isBrandOfficialSeller":false},"hasOption":false,"isAdult":false,"isCartVisible":true,"discountRate":0,"sellPrice":4880,"tagLabels":[{"code":0,"text":"45"}],"buyUnitCount":1,"deliveryCode":"M","rank":45,"lcode":"100000036","mcode":"200001208","scode":"300012416"},{"itemNo":"2859245907","itemName":"노브랜드 야채더한 국간장 900ml","itemUrl":"https://item.gmarket.co.kr/Item?goodscode=2859245907","imageUrl":"//gdimg.gmarket.co.kr/2859245907/still/400?ver=1725129757","sdBrandName":"노브랜드","itemPrice":2580,"buyCount":1763,"reviewPoint":{"starPoint":4.69,"reviewCount":948},"isBigSmileItem":false,"isSoldOut":false,"cardDiscount":{"discountRate":0},"sellerInfo":{"sellCustNo":"155104283","sellLoginId":"emartmall2","nickname":"이마트몰쓱배송","isLmoOfficialSeller":false,"isFashionSquareSeller":false,"isBrandOfficialSeller":false},"hasOption":false,"isAdult":false,"isCartVisible":true,"discountRate":0,"sellPrice":2580,"tagLabels":[{"code":0,"text":"46"}],"buyUnitCount":1,"deliveryCode":"M","unitPrice":{"unit":100,"unitName":"mL","price":287},"rank":46,"lcode":"100000036","mcode":"200002368","scode":"300024618"},{"itemNo":"4069784343","itemName":"노브랜드현미유1L","itemUrl":"https://item.gmarket.co.kr/Item?goodscode=4069784343","imageUrl":"//gdimg.gmarket.co.kr/4069784343/still/400?ver=1725141087","itemPrice":5980,"buyCount":245,"reviewPoint":{"starPoint":4.91,"reviewCount":59},"isBigSmileItem":false,"isSoldOut":false,"couponDiscount":{"discountType":"R","discountPrice":"0","discountRate":"15"},"cardDiscount":{"discountRate":0},"sellerInfo":{"sellCustNo":"155104283","sellLoginId":"emartmall2","nickname":"이마트몰쓱배송","isLmoOfficialSeller":false,"isFashionSquareSeller":false,"isBrandOfficialSeller":false},"hasOption":false,"isAdult":false,"isCartVisible":true,"discountRate":0,"sellPrice":5980,"tagLabels":[{"code":0,"text":"47"}],"buyUnitCount":1,"deliveryCode":"M","rank":47,"lcode":"100000036","mcode":"200001207","scode":"300024646"},{"itemNo":"2518731526","itemName":"데체코 올리브오일 1L","itemUrl":"https://item.gmarket.co.kr/Item?goodscode=2518731526","imageUrl":"//gdimg.gmarket.co.kr/2518731526/still/400?ver=1725091667","sdBrandName":"데체코","itemPrice":33580,"buyCount":713,"reviewPoint":{"starPoint":4.8,"reviewCount":193},"isBigSmileItem":false,"isSoldOut":false,"couponDiscount":{"discountType":"R","discountPrice":"0","discountRate":"15"},"cardDiscount":{"discountRate":0},"sellerInfo":{"sellCustNo":"155104283","sellLoginId":"emartmall2","nickname":"이마트몰쓱배송","isLmoOfficialSeller":false,"isFashionSquareSeller":false,"isBrandOfficialSeller":false},"hasOption":false,"isAdult":false,"isCartVisible":true,"discountRate":0,"sellPrice":33580,"tagLabels":[{"code":0,"text":"48"}],"buyUnitCount":1,"deliveryCode":"M","unitPrice":{"unit":100,"unitName":"mL","price":3358},"rank":48,"lcode":"100000036","mcode":"200001207","scode":"300004153"},{"itemNo":"2859245983","itemName":"노브랜드 다시마 더한 진간장 900ml","itemUrl":"https://item.gmarket.co.kr/Item?goodscode=2859245983","imageUrl":"//gdimg.gmarket.co.kr/2859245983/still/400?ver=1725130290","sdBrandName":"노브랜드","itemPrice":2580,"buyCount":3969,"reviewPoint":{"starPoint":4.75,"reviewCount":1929},"isBigSmileItem":false,"isSoldOut":false,"cardDiscount":{"discountRate":0},"sellerInfo":{"sellCustNo":"155104283","sellLoginId":"emartmall2","nickname":"이마트몰쓱배송","isLmoOfficialSeller":false,"isFashionSquareSeller":false,"isBrandOfficialSeller":false},"hasOption":false,"isAdult":false,"isCartVisible":true,"discountRate":0,"sellPrice":2580,"tagLabels":[{"code":0,"text":"49"}],"buyUnitCount":1,"deliveryCode":"M","unitPrice":{"unit":100,"unitName":"mL","price":287},"rank":49,"lcode":"100000036","mcode":"200002368","scode":"300024618"},{"itemNo":"2519062647","itemName":"백설  갈색설탕 (중백당) 1kg","itemUrl":"https://item.gmarket.co.kr/Item?goodscode=2519062647","imageUrl":"//gdimg.gmarket.co.kr/2519062647/still/400?ver=1725092670","sdBrandName":"백설","itemPrice":2880,"buyCount":4955,"reviewPoint":{"starPoint":4.73,"reviewCount":1780},"isBigSmileItem":false,"isSoldOut":false,"couponDiscount":{"discountType":"R","discountPrice":"0","discountRate":"15"},"cardDiscount":{"discountRate":0},"sellerInfo":{"sellCustNo":"155104283","sellLoginId":"emartmall2","nickname":"이마트몰쓱배송","isLmoOfficialSeller":false,"isFashionSquareSeller":false,"isBrandOfficialSeller":false},"hasOption":false,"isAdult":false,"isCartVisible":true,"discountRate":0,"sellPrice":2880,"tagLabels":[{"code":0,"text":"50"}],"buyUnitCount":1,"deliveryCode":"M","unitPrice":{"unit":100,"unitName":"g","price":288},"rank":50,"lcode":"100000036","mcode":"200001208","scode":"300028730"},{"itemNo":"3509920036","itemName":"CJ 해찬들 찹쌀태양초고추장 1.85kg","itemUrl":"https://item.gmarket.co.kr/Item?goodscode=3509920036","imageUrl":"//gdimg.gmarket.co.kr/3509920036/still/400?ver=1725135500","sdBrandName":"CJ제일제당","itemPrice":9880,"buyCount":778,"reviewPoint":{"starPoint":4.71,"reviewCount":412},"isBigSmileItem":false,"isSoldOut":false,"couponDiscount":{"discountType":"R","discountPrice":"0","discountRate":"15"},"cardDiscount":{"discountRate":0},"sellerInfo":{"sellCustNo":"155104283","sellLoginId":"emartmall2","nickname":"이마트몰쓱배송","isLmoOfficialSeller":false,"isFashionSquareSeller":false,"isBrandOfficialSeller":false},"hasOption":false,"isAdult":false,"isCartVisible":true,"discountRate":0,"sellPrice":9880,"tagLabels":[{"code":0,"text":"51"}],"buyUnitCount":1,"deliveryCode":"M","rank":51,"lcode":"100000036","mcode":"200002368","scode":"300012414"},{"itemNo":"2518442116","itemName":"청정원 고소한 마요네즈 800g","itemUrl":"https://item.gmarket.co.kr/Item?goodscode=2518442116","imageUrl":"//gdimg.gmarket.co.kr/2518442116/still/400?ver=1725088400","sdBrandName":"청정원","itemPrice":7900,"buyCount":2313,"reviewPoint":{"starPoint":4.79,"reviewCount":1116},"isBigSmileItem":false,"isSoldOut":false,"couponDiscount":{"discountType":"R","discountPrice":"0","discountRate":"15"},"cardDiscount":{"discountRate":0},"sellerInfo":{"sellCustNo":"155104283","sellLoginId":"emartmall2","nickname":"이마트몰쓱배송","isLmoOfficialSeller":false,"isFashionSquareSeller":false,"isBrandOfficialSeller":false},"hasOption":false,"isAdult":false,"isCartVisible":true,"discountRate":0,"sellPrice":7900,"tagLabels":[{"code":0,"text":"52"}],"buyUnitCount":1,"deliveryCode":"M","unitPrice":{"unit":100,"unitName":"g","price":988},"rank":52,"lcode":"100000036","mcode":"200002366","scode":"300028703"},{"itemNo":"2518496822","itemName":"백설  핫케익 믹스 1kg","itemUrl":"https://item.gmarket.co.kr/Item?goodscode=2518496822","imageUrl":"//gdimg.gmarket.co.kr/2518496822/still/400?ver=1725092712","sdBrandName":"백설","itemPrice":5280,"buyCount":1577,"reviewPoint":{"starPoint":4.74,"reviewCount":594},"isBigSmileItem":false,"isSoldOut":false,"couponDiscount":{"discountType":"R","discountPrice":"0","discountRate":"15"},"cardDiscount":{"discountRate":0},"sellerInfo":{"sellCustNo":"155104283","sellLoginId":"emartmall2","nickname":"이마트몰쓱배송","isLmoOfficialSeller":false,"isFashionSquareSeller":false,"isBrandOfficialSeller":false},"hasOption":false,"isAdult":false,"isCartVisible":true,"discountRate":0,"sellPrice":5280,"tagLabels":[{"code":0,"text":"53"}],"buyUnitCount":1,"deliveryCode":"M","unitPrice":{"unit":100,"unitName":"g","price":528},"rank":53,"lcode":"100000036","mcode":"200002367","scode":"300028698"},{"itemNo":"2518609831","itemName":"풀무원 국산콩 생나또 기획 12입 594g","itemUrl":"https://item.gmarket.co.kr/Item?goodscode=2518609831","imageUrl":"//gdimg.gmarket.co.kr/2518609831/still/400?ver=1725237924","sdBrandName":"풀무원","itemPrice":14980,"buyCount":2574,"reviewPoint":{"starPoint":4.71,"reviewCount":636},"isBigSmileItem":false,"isSoldOut":false,"couponDiscount":{"discountType":"R","discountPrice":"0","discountRate":"15"},"cardDiscount":{"discountRate":0},"sellerInfo":{"sellCustNo":"155104283","sellLoginId":"emartmall2","nickname":"이마트몰쓱배송","isLmoOfficialSeller":false,"isFashionSquareSeller":false,"isBrandOfficialSeller":false},"hasOption":false,"isAdult":false,"isCartVisible":true,"discountRate":0,"sellPrice":14980,"tagLabels":[{"code":0,"text":"54"}],"buyUnitCount":1,"deliveryCode":"M","unitPrice":{"unit":100,"unitName":"g","price":2522},"rank":54,"lcode":"100000036","mcode":"200002368","scode":"300024619"},{"itemNo":"2539855488","itemName":"노브랜드 생강매실 맛술830ml","itemUrl":"https://item.gmarket.co.kr/Item?goodscode=2539855488","imageUrl":"//gdimg.gmarket.co.kr/2539855488/still/400?ver=1725123627","itemPrice":2680,"buyCount":2936,"reviewPoint":{"starPoint":4.74,"reviewCount":1159},"isBigSmileItem":false,"isSoldOut":false,"cardDiscount":{"discountRate":0},"sellerInfo":{"sellCustNo":"155104283","sellLoginId":"emartmall2","nickname":"이마트몰쓱배송","isLmoOfficialSeller":false,"isFashionSquareSeller":false,"isBrandOfficialSeller":false},"hasOption":false,"isAdult":false,"isCartVisible":true,"discountRate":0,"sellPrice":2680,"tagLabels":[{"code":0,"text":"55"}],"buyUnitCount":1,"deliveryCode":"M","rank":55,"lcode":"100000036","mcode":"200001208","scode":"300021915"},{"itemNo":"2518534761","itemName":"구즈만 올리브오일1L","itemUrl":"https://item.gmarket.co.kr/Item?goodscode=2518534761","imageUrl":"//gdimg.gmarket.co.kr/2518534761/still/400?ver=1725092747","sdBrandName":"미식관","itemPrice":25800,"buyCount":1152,"reviewPoint":{"starPoint":4.74,"reviewCount":394},"isBigSmileItem":false,"isSoldOut":false,"couponDiscount":{"discountType":"R","discountPrice":"0","discountRate":"15"},"cardDiscount":{"discountRate":0},"sellerInfo":{"sellCustNo":"155104283","sellLoginId":"emartmall2","nickname":"이마트몰쓱배송","isLmoOfficialSeller":false,"isFashionSquareSeller":false,"isBrandOfficialSeller":false},"hasOption":false,"isAdult":false,"isCartVisible":true,"discountRate":0,"sellPrice":25800,"tagLabels":[{"code":0,"text":"56"}],"buyUnitCount":1,"deliveryCode":"M","rank":56,"lcode":"100000036","mcode":"200001207","scode":"300004153"},{"itemNo":"2522747109","itemName":"노브랜드 포도씨유 1L","itemUrl":"https://item.gmarket.co.kr/Item?goodscode=2522747109","imageUrl":"//gdimg.gmarket.co.kr/2522747109/still/400?ver=1725105820","sdBrandName":"노브랜드","itemPrice":9880,"buyCount":7480,"reviewPoint":{"starPoint":4.76,"reviewCount":1218},"isBigSmileItem":false,"isSoldOut":false,"cardDiscount":{"discountRate":0},"sellerInfo":{"sellCustNo":"155104283","sellLoginId":"emartmall2","nickname":"이마트몰쓱배송","isLmoOfficialSeller":false,"isFashionSquareSeller":false,"isBrandOfficialSeller":false},"hasOption":false,"isAdult":false,"isCartVisible":true,"discountRate":0,"sellPrice":9880,"tagLabels":[{"code":0,"text":"57"}],"buyUnitCount":1,"deliveryCode":"M","unitPrice":{"unit":100,"unitName":"mL","price":988},"rank":57,"lcode":"100000036","mcode":"200001207","scode":"300012411"},{"itemNo":"2518499858","itemName":"오뚜기 골드 마요네즈 800g","itemUrl":"https://item.gmarket.co.kr/Item?goodscode=2518499858","imageUrl":"//gdimg.gmarket.co.kr/2518499858/still/400?ver=1725092708","sdBrandName":"오뚜기","itemPrice":8680,"buyCount":2049,"reviewPoint":{"starPoint":4.76,"reviewCount":764},"isBigSmileItem":false,"isSoldOut":false,"couponDiscount":{"discountType":"R","discountPrice":"0","discountRate":"15"},"cardDiscount":{"discountRate":0},"sellerInfo":{"sellCustNo":"155104283","sellLoginId":"emartmall2","nickname":"이마트몰쓱배송","isLmoOfficialSeller":false,"isFashionSquareSeller":false,"isBrandOfficialSeller":false},"hasOption":false,"isAdult":false,"isCartVisible":true,"discountRate":0,"sellPrice":8680,"tagLabels":[{"code":0,"text":"58"}],"buyUnitCount":1,"deliveryCode":"M","unitPrice":{"unit":100,"unitName":"g","price":1085},"rank":58,"lcode":"100000036","mcode":"200002366","scode":"300028703"},{"itemNo":"2530236773","itemName":"노브랜드 우리쌀 우리보리 고추장 1kg","itemUrl":"https://item.gmarket.co.kr/Item?goodscode=2530236773","imageUrl":"//gdimg.gmarket.co.kr/2530236773/still/400?ver=1725100592","sdBrandName":"노브랜드","itemPrice":8080,"buyCount":2703,"reviewPoint":{"starPoint":4.73,"reviewCount":1157},"isBigSmileItem":false,"isSoldOut":false,"cardDiscount":{"discountRate":0},"sellerInfo":{"sellCustNo":"155104283","sellLoginId":"emartmall2","nickname":"이마트몰쓱배송","isLmoOfficialSeller":false,"isFashionSquareSeller":false,"isBrandOfficialSeller":false},"hasOption":false,"isAdult":false,"isCartVisible":true,"discountRate":0,"sellPrice":8080,"tagLabels":[{"code":0,"text":"59"}],"buyUnitCount":1,"deliveryCode":"M","unitPrice":{"unit":100,"unitName":"g","price":808},"rank":59,"lcode":"100000036","mcode":"200002368","scode":"300012414"},{"itemNo":"2625420960","itemName":"대상 미원 맛소금 95g","itemUrl":"https://item.gmarket.co.kr/Item?goodscode=2625420960","imageUrl":"//gdimg.gmarket.co.kr/2625420960/still/400?ver=1725102139","sdBrandName":"미원","itemPrice":2280,"buyCount":1517,"reviewPoint":{"starPoint":4.78,"reviewCount":452},"isBigSmileItem":false,"isSoldOut":false,"couponDiscount":{"discountType":"R","discountPrice":"0","discountRate":"15"},"cardDiscount":{"discountRate":0},"sellerInfo":{"sellCustNo":"155104283","sellLoginId":"emartmall2","nickname":"이마트몰쓱배송","isLmoOfficialSeller":false,"isFashionSquareSeller":false,"isBrandOfficialSeller":false},"hasOption":false,"isAdult":false,"isCartVisible":true,"discountRate":0,"sellPrice":2280,"tagLabels":[{"code":0,"text":"60"}],"buyUnitCount":1,"deliveryCode":"M","unitPrice":{"unit":100,"unitName":"g","price":2400},"rank":60,"lcode":"100000036","mcode":"200001208","scode":"300028731"},{"itemNo":"2970764264","itemName":"노브랜드 새콤함더한초고추장500G","itemUrl":"https://item.gmarket.co.kr/Item?goodscode=2970764264","imageUrl":"//gdimg.gmarket.co.kr/2970764264/still/400?ver=1725130659","sdBrandName":"노브랜드","itemPrice":2480,"buyCount":975,"reviewPoint":{"starPoint":4.75,"reviewCount":483},"isBigSmileItem":false,"isSoldOut":false,"cardDiscount":{"discountRate":0},"sellerInfo":{"sellCustNo":"155104283","sellLoginId":"emartmall2","nickname":"이마트몰쓱배송","isLmoOfficialSeller":false,"isFashionSquareSeller":false,"isBrandOfficialSeller":false},"hasOption":false,"isAdult":false,"isCartVisible":true,"discountRate":0,"sellPrice":2480,"tagLabels":[{"code":0,"text":"61"}],"buyUnitCount":1,"deliveryCode":"M","unitPrice":{"unit":100,"unitName":"g","price":496},"rank":61,"lcode":"100000036","mcode":"200002368","scode":"300012414"},{"itemNo":"2518527539","itemName":"청정원 클래식돈카츠소스 400g","itemUrl":"https://item.gmarket.co.kr/Item?goodscode=2518527539","imageUrl":"//gdimg.gmarket.co.kr/2518527539/still/400?ver=1725087992","sdBrandName":"청정원","itemPrice":2900,"buyCount":4993,"reviewPoint":{"starPoint":4.77,"reviewCount":1851},"isBigSmileItem":false,"isSoldOut":false,"couponDiscount":{"discountType":"R","discountPrice":"0","discountRate":"15"},"cardDiscount":{"discountRate":0},"sellerInfo":{"sellCustNo":"155104283","sellLoginId":"emartmall2","nickname":"이마트몰쓱배송","isLmoOfficialSeller":false,"isFashionSquareSeller":false,"isBrandOfficialSeller":false},"hasOption":false,"isAdult":false,"isCartVisible":true,"discountRate":0,"sellPrice":2900,"tagLabels":[{"code":0,"text":"62"}],"buyUnitCount":1,"deliveryCode":"M","unitPrice":{"unit":100,"unitName":"g","price":725},"rank":62,"lcode":"100000036","mcode":"200002366","scode":"300028701"},{"itemNo":"2522755548","itemName":"청정원 맛술 830ml(생강매실)","itemUrl":"https://item.gmarket.co.kr/Item?goodscode=2522755548","imageUrl":"//gdimg.gmarket.co.kr/2522755548/still/400?ver=1725105262","sdBrandName":"청정원","itemPrice":2980,"buyCount":2862,"reviewPoint":{"starPoint":4.77,"reviewCount":1322},"isBigSmileItem":false,"isSoldOut":false,"couponDiscount":{"discountType":"R","discountPrice":"0","discountRate":"15"},"cardDiscount":{"discountRate":0},"sellerInfo":{"sellCustNo":"155104283","sellLoginId":"emartmall2","nickname":"이마트몰쓱배송","isLmoOfficialSeller":false,"isFashionSquareSeller":false,"isBrandOfficialSeller":false},"hasOption":false,"isAdult":false,"isCartVisible":true,"discountRate":0,"sellPrice":2980,"tagLabels":[{"code":0,"text":"63"}],"buyUnitCount":1,"deliveryCode":"M","rank":63,"lcode":"100000036","mcode":"200001208","scode":"300021915"},{"itemNo":"2665163994","itemName":"노브랜드 데일리돈까스소스455g","itemUrl":"https://item.gmarket.co.kr/Item?goodscode=2665163994","imageUrl":"//gdimg.gmarket.co.kr/2665163994/still/400?ver=1725126875","sdBrandName":"노브랜드","itemPrice":2580,"buyCount":3771,"reviewPoint":{"starPoint":4.74,"reviewCount":1921},"isBigSmileItem":false,"isSoldOut":false,"cardDiscount":{"discountRate":0},"sellerInfo":{"sellCustNo":"155104283","sellLoginId":"emartmall2","nickname":"이마트몰쓱배송","isLmoOfficialSeller":false,"isFashionSquareSeller":false,"isBrandOfficialSeller":false},"hasOption":false,"isAdult":false,"isCartVisible":true,"discountRate":0,"sellPrice":2580,"tagLabels":[{"code":0,"text":"64"}],"buyUnitCount":1,"deliveryCode":"M","unitPrice":{"unit":100,"unitName":"g","price":567},"rank":64,"lcode":"100000036","mcode":"200002366","scode":"300028701"},{"itemNo":"3981279970","itemName":"피코크 국산 고운 고춧가루 110g","itemUrl":"https://item.gmarket.co.kr/Item?goodscode=3981279970","imageUrl":"//gdimg.gmarket.co.kr/3981279970/still/400?ver=1725142524","itemPrice":5980,"buyCount":80,"reviewPoint":{"starPoint":4.79,"reviewCount":24},"isBigSmileItem":false,"isSoldOut":false,"couponDiscount":{"discountType":"R","discountPrice":"0","discountRate":"15"},"cardDiscount":{"discountRate":0},"sellerInfo":{"sellCustNo":"155104283","sellLoginId":"emartmall2","nickname":"이마트몰쓱배송","isLmoOfficialSeller":false,"isFashionSquareSeller":false,"isBrandOfficialSeller":false},"hasOption":false,"isAdult":false,"isCartVisible":true,"discountRate":0,"sellPrice":5980,"tagLabels":[{"code":0,"text":"65"}],"buyUnitCount":1,"deliveryCode":"M","rank":65,"lcode":"100000036","mcode":"200001208","scode":"300021915"},{"itemNo":"2559636870","itemName":"백설 중력 밀가루(다목적용) 1kg","itemUrl":"https://item.gmarket.co.kr/Item?goodscode=2559636870","imageUrl":"//gdimg.gmarket.co.kr/2559636870/still/400?ver=1725088118","sdBrandName":"백설","itemPrice":1710,"buyCount":1197,"reviewPoint":{"starPoint":4.66,"reviewCount":381},"isBigSmileItem":false,"isSoldOut":false,"couponDiscount":{"discountType":"R","discountPrice":"0","discountRate":"15"},"cardDiscount":{"discountRate":0},"sellerInfo":{"sellCustNo":"155104283","sellLoginId":"emartmall2","nickname":"이마트몰쓱배송","isLmoOfficialSeller":false,"isFashionSquareSeller":false,"isBrandOfficialSeller":false},"hasOption":false,"isAdult":false,"isCartVisible":true,"discountRate":0,"sellPrice":1710,"tagLabels":[{"code":0,"text":"66"}],"buyUnitCount":1,"deliveryCode":"M","unitPrice":{"unit":100,"unitName":"g","price":171},"rank":66,"lcode":"100000036","mcode":"200002367","scode":"300024614"},{"itemNo":"2518492626","itemName":"오뚜기 파스타소스(토마토) 600g","itemUrl":"https://item.gmarket.co.kr/Item?goodscode=2518492626","imageUrl":"//gdimg.gmarket.co.kr/2518492626/still/400?ver=1725092734","sdBrandName":"오뚜기","itemPrice":4980,"buyCount":1220,"reviewPoint":{"starPoint":4.76,"reviewCount":273},"isBigSmileItem":false,"isSoldOut":false,"couponDiscount":{"discountType":"R","discountPrice":"0","discountRate":"15"},"cardDiscount":{"discountRate":0},"sellerInfo":{"sellCustNo":"155104283","sellLoginId":"emartmall2","nickname":"이마트몰쓱배송","isLmoOfficialSeller":false,"isFashionSquareSeller":false,"isBrandOfficialSeller":false},"hasOption":false,"isAdult":false,"isCartVisible":true,"discountRate":16,"sellPrice":5980,"tagLabels":[{"code":0,"text":"67"}],"buyUnitCount":1,"deliveryCode":"M","unitPrice":{"unit":100,"unitName":"g","price":830},"rank":67,"lcode":"100000036","mcode":"200002366","scode":"300024608"},{"itemNo":"2518785547","itemName":"풀무원 중화마파두부양념소스 130g4","itemUrl":"https://item.gmarket.co.kr/Item?goodscode=2518785547","imageUrl":"//gdimg.gmarket.co.kr/2518785547/still/400?ver=1725111771","sdBrandName":"풀무원","itemPrice":5980,"buyCount":1794,"reviewPoint":{"starPoint":4.76,"reviewCount":751},"isBigSmileItem":false,"isSoldOut":false,"couponDiscount":{"discountType":"R","discountPrice":"0","discountRate":"15"},"cardDiscount":{"discountRate":0},"sellerInfo":{"sellCustNo":"155104283","sellLoginId":"emartmall2","nickname":"이마트몰쓱배송","isLmoOfficialSeller":false,"isFashionSquareSeller":false,"isBrandOfficialSeller":false},"hasOption":false,"isAdult":false,"isCartVisible":true,"discountRate":0,"sellPrice":5980,"tagLabels":[{"code":0,"text":"68"}],"buyUnitCount":1,"deliveryCode":"M","unitPrice":{"unit":100,"unitName":"g","price":1150},"rank":68,"lcode":"100000036","mcode":"200001208","scode":"300012562"},{"itemNo":"2522505779","itemName":"청정원 고소한마요네즈 500g","itemUrl":"https://item.gmarket.co.kr/Item?goodscode=2522505779","imageUrl":"//gdimg.gmarket.co.kr/2522505779/still/400?ver=1725102058","sdBrandName":"청정원","itemPrice":5400,"buyCount":2893,"reviewPoint":{"starPoint":4.75,"reviewCount":1418},"isBigSmileItem":false,"isSoldOut":false,"couponDiscount":{"discountType":"R","discountPrice":"0","discountRate":"15"},"cardDiscount":{"discountRate":0},"sellerInfo":{"sellCustNo":"155104283","sellLoginId":"emartmall2","nickname":"이마트몰쓱배송","isLmoOfficialSeller":false,"isFashionSquareSeller":false,"isBrandOfficialSeller":false},"hasOption":false,"isAdult":false,"isCartVisible":true,"discountRate":0,"sellPrice":5400,"tagLabels":[{"code":0,"text":"69"}],"buyUnitCount":1,"deliveryCode":"M","unitPrice":{"unit":100,"unitName":"g","price":1080},"rank":69,"lcode":"100000036","mcode":"200002366","scode":"300028703"},{"itemNo":"2518766710","itemName":"CJ다시다 명품 골드 96g","itemUrl":"https://item.gmarket.co.kr/Item?goodscode=2518766710","imageUrl":"//gdimg.gmarket.co.kr/2518766710/still/400?ver=1725091713","sdBrandName":"다시다","itemPrice":5480,"buyCount":3142,"reviewPoint":{"starPoint":4.77,"reviewCount":907},"isBigSmileItem":false,"isSoldOut":false,"couponDiscount":{"discountType":"R","discountPrice":"0","discountRate":"15"},"cardDiscount":{"discountRate":0},"sellerInfo":{"sellCustNo":"155104283","sellLoginId":"emartmall2","nickname":"이마트몰쓱배송","isLmoOfficialSeller":false,"isFashionSquareSeller":false,"isBrandOfficialSeller":false},"hasOption":false,"isAdult":false,"isCartVisible":true,"discountRate":0,"sellPrice":5480,"tagLabels":[{"code":0,"text":"70"}],"buyUnitCount":1,"deliveryCode":"M","rank":70,"lcode":"100000036","mcode":"200001208","scode":"300021915"},{"itemNo":"2522530169","itemName":"노브랜드 정성깃든된장 1kg","itemUrl":"https://item.gmarket.co.kr/Item?goodscode=2522530169","imageUrl":"//gdimg.gmarket.co.kr/2522530169/still/400?ver=1725102959","sdBrandName":"노브랜드","itemPrice":3480,"buyCount":6167,"reviewPoint":{"starPoint":4.76,"reviewCount":2622},"isBigSmileItem":false,"isSoldOut":false,"cardDiscount":{"discountRate":0},"sellerInfo":{"sellCustNo":"155104283","sellLoginId":"emartmall2","nickname":"이마트몰쓱배송","isLmoOfficialSeller":false,"isFashionSquareSeller":false,"isBrandOfficialSeller":false},"hasOption":false,"isAdult":false,"isCartVisible":true,"discountRate":0,"sellPrice":3480,"tagLabels":[{"code":0,"text":"71"}],"buyUnitCount":1,"deliveryCode":"M","unitPrice":{"unit":100,"unitName":"g","price":348},"rank":71,"lcode":"100000036","mcode":"200002368","scode":"300028676"},{"itemNo":"3951322281","itemName":"오뚜기  옛날물엿 1.2kg","itemUrl":"https://item.gmarket.co.kr/Item?goodscode=3951322281","imageUrl":"//gdimg.gmarket.co.kr/3951322281/still/400?ver=1725092599","sdBrandName":"오뚜기","itemPrice":3980,"buyCount":109,"reviewPoint":{"starPoint":4.84,"reviewCount":39},"isBigSmileItem":false,"isSoldOut":false,"couponDiscount":{"discountType":"R","discountPrice":"0","discountRate":"15"},"cardDiscount":{"discountRate":0},"sellerInfo":{"sellCustNo":"155104283","sellLoginId":"emartmall2","nickname":"이마트몰쓱배송","isLmoOfficialSeller":false,"isFashionSquareSeller":false,"isBrandOfficialSeller":false},"hasOption":false,"isAdult":false,"isCartVisible":true,"discountRate":0,"sellPrice":3980,"tagLabels":[{"code":0,"text":"72"}],"buyUnitCount":1,"deliveryCode":"M","rank":72,"lcode":"100000036","mcode":"200001208","scode":"300012416"},{"itemNo":"2518493565","itemName":"대상 미원 맛소금 1kg","itemUrl":"https://item.gmarket.co.kr/Item?goodscode=2518493565","imageUrl":"//gdimg.gmarket.co.kr/2518493565/still/400?ver=1725092614","sdBrandName":"미원","itemPrice":4520,"buyCount":2254,"reviewPoint":{"starPoint":4.79,"reviewCount":1042},"isBigSmileItem":false,"isSoldOut":false,"couponDiscount":{"discountType":"R","discountPrice":"0","discountRate":"15"},"cardDiscount":{"discountRate":0},"sellerInfo":{"sellCustNo":"155104283","sellLoginId":"emartmall2","nickname":"이마트몰쓱배송","isLmoOfficialSeller":false,"isFashionSquareSeller":false,"isBrandOfficialSeller":false},"hasOption":false,"isAdult":false,"isCartVisible":true,"discountRate":0,"sellPrice":4520,"tagLabels":[{"code":0,"text":"73"}],"buyUnitCount":1,"deliveryCode":"M","unitPrice":{"unit":100,"unitName":"g","price":452},"rank":73,"lcode":"100000036","mcode":"200001208","scode":"300028731"},{"itemNo":"2970764267","itemName":"노브랜드 고소함더한비빔장500g","itemUrl":"https://item.gmarket.co.kr/Item?goodscode=2970764267","imageUrl":"//gdimg.gmarket.co.kr/2970764267/still/400?ver=1725130656","sdBrandName":"노브랜드","itemPrice":2780,"buyCount":1245,"reviewPoint":{"starPoint":4.72,"reviewCount":599},"isBigSmileItem":false,"isSoldOut":false,"couponDiscount":{"discountType":"R","discountPrice":"0","discountRate":"15"},"cardDiscount":{"discountRate":0},"sellerInfo":{"sellCustNo":"155104283","sellLoginId":"emartmall2","nickname":"이마트몰쓱배송","isLmoOfficialSeller":false,"isFashionSquareSeller":false,"isBrandOfficialSeller":false},"hasOption":false,"isAdult":false,"isCartVisible":true,"discountRate":0,"sellPrice":2780,"tagLabels":[{"code":0,"text":"74"}],"buyUnitCount":1,"deliveryCode":"M","unitPrice":{"unit":100,"unitName":"g","price":556},"rank":74,"lcode":"100000036","mcode":"200002368","scode":"300012414"},{"itemNo":"2518611648","itemName":"보르게스 올리브오일1L","itemUrl":"https://item.gmarket.co.kr/Item?goodscode=2518611648","imageUrl":"//gdimg.gmarket.co.kr/2518611648/still/400?ver=1725090512","sdBrandName":"보르게스","itemPrice":33400,"buyCount":212,"reviewPoint":{"starPoint":4.66,"reviewCount":62},"isBigSmileItem":false,"isSoldOut":false,"couponDiscount":{"discountType":"R","discountPrice":"0","discountRate":"15"},"cardDiscount":{"discountRate":0},"sellerInfo":{"sellCustNo":"155104283","sellLoginId":"emartmall2","nickname":"이마트몰쓱배송","isLmoOfficialSeller":false,"isFashionSquareSeller":false,"isBrandOfficialSeller":false},"hasOption":false,"isAdult":false,"isCartVisible":true,"discountRate":0,"sellPrice":33400,"tagLabels":[{"code":0,"text":"75"}],"buyUnitCount":1,"deliveryCode":"M","unitPrice":{"unit":100,"unitName":"mL","price":3340},"rank":75,"lcode":"100000036","mcode":"200001207","scode":"300004153"},{"itemNo":"2518492732","itemName":"오뚜기 순후추 100g","itemUrl":"https://item.gmarket.co.kr/Item?goodscode=2518492732","imageUrl":"//gdimg.gmarket.co.kr/2518492732/still/400?ver=1725092757","sdBrandName":"오뚜기","itemPrice":7180,"buyCount":3316,"reviewPoint":{"starPoint":4.79,"reviewCount":1296},"isBigSmileItem":false,"isSoldOut":false,"couponDiscount":{"discountType":"R","discountPrice":"0","discountRate":"15"},"cardDiscount":{"discountRate":0},"sellerInfo":{"sellCustNo":"155104283","sellLoginId":"emartmall2","nickname":"이마트몰쓱배송","isLmoOfficialSeller":false,"isFashionSquareSeller":false,"isBrandOfficialSeller":false},"hasOption":false,"isAdult":false,"isCartVisible":true,"discountRate":0,"sellPrice":7180,"tagLabels":[{"code":0,"text":"76"}],"buyUnitCount":1,"deliveryCode":"M","unitPrice":{"unit":10,"unitName":"g","price":718},"rank":76,"lcode":"100000036","mcode":"200001208","scode":"300024602"},{"itemNo":"2518785999","itemName":"풀무원 정통순두부찌개양념 140g4","itemUrl":"https://item.gmarket.co.kr/Item?goodscode=2518785999","imageUrl":"//gdimg.gmarket.co.kr/2518785999/still/400?ver=1725111773","sdBrandName":"풀무원","itemPrice":5980,"buyCount":2735,"reviewPoint":{"starPoint":4.8,"reviewCount":1112},"isBigSmileItem":false,"isSoldOut":false,"couponDiscount":{"discountType":"R","discountPrice":"0","discountRate":"15"},"cardDiscount":{"discountRate":0},"sellerInfo":{"sellCustNo":"155104283","sellLoginId":"emartmall2","nickname":"이마트몰쓱배송","isLmoOfficialSeller":false,"isFashionSquareSeller":false,"isBrandOfficialSeller":false},"hasOption":false,"isAdult":false,"isCartVisible":true,"discountRate":0,"sellPrice":5980,"tagLabels":[{"code":0,"text":"77"}],"buyUnitCount":1,"deliveryCode":"M","unitPrice":{"unit":100,"unitName":"g","price":1068},"rank":77,"lcode":"100000036","mcode":"200001208","scode":"300012562"},{"itemNo":"2518947410","itemName":"오뚜기 양조식초 900ml","itemUrl":"https://item.gmarket.co.kr/Item?goodscode=2518947410","imageUrl":"//gdimg.gmarket.co.kr/2518947410/still/400?ver=1725092398","sdBrandName":"오뚜기","itemPrice":1700,"buyCount":3603,"reviewPoint":{"starPoint":4.74,"reviewCount":1084},"isBigSmileItem":false,"isSoldOut":false,"couponDiscount":{"discountType":"R","discountPrice":"0","discountRate":"15"},"cardDiscount":{"discountRate":0},"sellerInfo":{"sellCustNo":"155104283","sellLoginId":"emartmall2","nickname":"이마트몰쓱배송","isLmoOfficialSeller":false,"isFashionSquareSeller":false,"isBrandOfficialSeller":false},"hasOption":false,"isAdult":false,"isCartVisible":true,"discountRate":0,"sellPrice":1700,"tagLabels":[{"code":0,"text":"78"}],"buyUnitCount":1,"deliveryCode":"M","unitPrice":{"unit":10,"unitName":"mL","price":19},"rank":78,"lcode":"100000036","mcode":"200001208","scode":"300012423"},{"itemNo":"2519628617","itemName":"노브랜드 볶음깨소금 250g","itemUrl":"https://item.gmarket.co.kr/Item?goodscode=2519628617","imageUrl":"//gdimg.gmarket.co.kr/2519628617/still/400?ver=1725100863","sdBrandName":"노브랜드","itemPrice":4980,"buyCount":2690,"reviewPoint":{"starPoint":4.71,"reviewCount":1110},"isBigSmileItem":false,"isSoldOut":false,"cardDiscount":{"discountRate":0},"sellerInfo":{"sellCustNo":"155104283","sellLoginId":"emartmall2","nickname":"이마트몰쓱배송","isLmoOfficialSeller":false,"isFashionSquareSeller":false,"isBrandOfficialSeller":false},"hasOption":false,"isAdult":false,"isCartVisible":true,"discountRate":0,"sellPrice":4980,"tagLabels":[{"code":0,"text":"79"}],"buyUnitCount":1,"deliveryCode":"M","unitPrice":{"unit":100,"unitName":"g","price":1992},"rank":79,"lcode":"100000036","mcode":"200001208","scode":"300028731"},{"itemNo":"2523338283","itemName":"노브랜드 하얀설탕 2kg","itemUrl":"https://item.gmarket.co.kr/Item?goodscode=2523338283","imageUrl":"//gdimg.gmarket.co.kr/2523338283/still/400?ver=1725100307","sdBrandName":"노브랜드","itemPrice":3780,"buyCount":6147,"reviewPoint":{"starPoint":4.76,"reviewCount":2687},"isBigSmileItem":false,"isSoldOut":false,"cardDiscount":{"discountRate":0},"sellerInfo":{"sellCustNo":"155104283","sellLoginId":"emartmall2","nickname":"이마트몰쓱배송","isLmoOfficialSeller":false,"isFashionSquareSeller":false,"isBrandOfficialSeller":false},"hasOption":false,"isAdult":false,"isCartVisible":true,"discountRate":0,"sellPrice":3780,"tagLabels":[{"code":0,"text":"80"}],"buyUnitCount":1,"deliveryCode":"M","unitPrice":{"unit":100,"unitName":"g","price":189},"rank":80,"lcode":"100000036","mcode":"200001208","scode":"300028730"},{"itemNo":"2554386642","itemName":"노브랜드 껍질벗긴 들깨가루 300g","itemUrl":"https://item.gmarket.co.kr/Item?goodscode=2554386642","imageUrl":"//gdimg.gmarket.co.kr/2554386642/still/400?ver=1725124035","itemPrice":7880,"buyCount":1626,"reviewPoint":{"starPoint":4.73,"reviewCount":765},"isBigSmileItem":false,"isSoldOut":false,"cardDiscount":{"discountRate":0},"sellerInfo":{"sellCustNo":"155104283","sellLoginId":"emartmall2","nickname":"이마트몰쓱배송","isLmoOfficialSeller":false,"isFashionSquareSeller":false,"isBrandOfficialSeller":false},"hasOption":false,"isAdult":false,"isCartVisible":true,"discountRate":0,"sellPrice":7880,"tagLabels":[{"code":0,"text":"81"}],"buyUnitCount":1,"deliveryCode":"M","rank":81,"lcode":"100000036","mcode":"200002367","scode":"300028698"},{"itemNo":"3951418128","itemName":"오뚜기 사과식초 900ml","itemUrl":"https://item.gmarket.co.kr/Item?goodscode=3951418128","imageUrl":"//gdimg.gmarket.co.kr/3951418128/still/400?ver=1725092601","sdBrandName":"오뚜기","itemPrice":2880,"buyCount":536,"reviewPoint":{"starPoint":4.73,"reviewCount":169},"isBigSmileItem":false,"isSoldOut":false,"couponDiscount":{"discountType":"R","discountPrice":"0","discountRate":"15"},"cardDiscount":{"discountRate":0},"sellerInfo":{"sellCustNo":"155104283","sellLoginId":"emartmall2","nickname":"이마트몰쓱배송","isLmoOfficialSeller":false,"isFashionSquareSeller":false,"isBrandOfficialSeller":false},"hasOption":false,"isAdult":false,"isCartVisible":true,"discountRate":0,"sellPrice":2880,"tagLabels":[{"code":0,"text":"82"}],"buyUnitCount":1,"deliveryCode":"M","unitPrice":{"unit":10,"unitName":"mL","price":32},"rank":82,"lcode":"100000036","mcode":"200001208","scode":"300012423"},{"itemNo":"2519402826","itemName":"피코크 국산 생 들기름 250ml","itemUrl":"https://item.gmarket.co.kr/Item?goodscode=2519402826","imageUrl":"//gdimg.gmarket.co.kr/2519402826/still/400?ver=1725100433","sdBrandName":"피코크","itemPrice":27800,"buyCount":364,"reviewPoint":{"starPoint":4.64,"reviewCount":119},"isBigSmileItem":false,"isSoldOut":false,"couponDiscount":{"discountType":"R","discountPrice":"0","discountRate":"15"},"cardDiscount":{"discountRate":0},"sellerInfo":{"sellCustNo":"155104283","sellLoginId":"emartmall2","nickname":"이마트몰쓱배송","isLmoOfficialSeller":false,"isFashionSquareSeller":false,"isBrandOfficialSeller":false},"hasOption":false,"isAdult":false,"isCartVisible":true,"discountRate":0,"sellPrice":27800,"tagLabels":[{"code":0,"text":"83"}],"buyUnitCount":1,"deliveryCode":"M","unitPrice":{"unit":100,"unitName":"mL","price":11120},"rank":83,"lcode":"100000036","mcode":"200001207","scode":"300024644"},{"itemNo":"2522836528","itemName":"노브랜드 신안천일염 2.5kg","itemUrl":"https://item.gmarket.co.kr/Item?goodscode=2522836528","imageUrl":"//gdimg.gmarket.co.kr/2522836528/still/400?ver=1725100605","sdBrandName":"노브랜드","itemPrice":5850,"buyCount":1834,"reviewPoint":{"starPoint":4.76,"reviewCount":834},"isBigSmileItem":false,"isSoldOut":false,"cardDiscount":{"discountRate":0},"sellerInfo":{"sellCustNo":"155104283","sellLoginId":"emartmall2","nickname":"이마트몰쓱배송","isLmoOfficialSeller":false,"isFashionSquareSeller":false,"isBrandOfficialSeller":false},"hasOption":false,"isAdult":false,"isCartVisible":true,"discountRate":0,"sellPrice":5850,"tagLabels":[{"code":0,"text":"84"}],"buyUnitCount":1,"deliveryCode":"M","unitPrice":{"unit":100,"unitName":"g","price":234},"rank":84,"lcode":"100000036","mcode":"200001208","scode":"300028731"},{"itemNo":"2522418401","itemName":"피코크 마요네즈300g","itemUrl":"https://item.gmarket.co.kr/Item?goodscode=2522418401","imageUrl":"//gdimg.gmarket.co.kr/2522418401/still/400?ver=1725101477","sdBrandName":"피코크","itemPrice":3480,"buyCount":3386,"reviewPoint":{"starPoint":4.72,"reviewCount":1092},"isBigSmileItem":false,"isSoldOut":false,"couponDiscount":{"discountType":"R","discountPrice":"0","discountRate":"15"},"cardDiscount":{"discountRate":0},"sellerInfo":{"sellCustNo":"155104283","sellLoginId":"emartmall2","nickname":"이마트몰쓱배송","isLmoOfficialSeller":false,"isFashionSquareSeller":false,"isBrandOfficialSeller":false},"hasOption":false,"isAdult":false,"isCartVisible":true,"discountRate":0,"sellPrice":3480,"tagLabels":[{"code":0,"text":"85"}],"buyUnitCount":1,"deliveryCode":"M","unitPrice":{"unit":100,"unitName":"g","price":1160},"rank":85,"lcode":"100000036","mcode":"200002366","scode":"300028703"},{"itemNo":"2518405764","itemName":"청정원 순창 쌈장 500g","itemUrl":"https://item.gmarket.co.kr/Item?goodscode=2518405764","imageUrl":"//gdimg.gmarket.co.kr/2518405764/still/400?ver=1725092410","sdBrandName":"청정원","itemPrice":5140,"buyCount":4693,"reviewPoint":{"starPoint":4.75,"reviewCount":1297},"isBigSmileItem":false,"isSoldOut":false,"couponDiscount":{"discountType":"R","discountPrice":"0","discountRate":"15"},"cardDiscount":{"discountRate":0},"sellerInfo":{"sellCustNo":"155104283","sellLoginId":"emartmall2","nickname":"이마트몰쓱배송","isLmoOfficialSeller":false,"isFashionSquareSeller":false,"isBrandOfficialSeller":false},"hasOption":false,"isAdult":false,"isCartVisible":true,"discountRate":0,"sellPrice":5140,"tagLabels":[{"code":0,"text":"86"}],"buyUnitCount":1,"deliveryCode":"M","unitPrice":{"unit":100,"unitName":"g","price":1028},"rank":86,"lcode":"100000036","mcode":"200002368","scode":"300028676"},{"itemNo":"2518478827","itemName":"백설  통감자를 갈아넣은 바삭 부침가루 1kg","itemUrl":"https://item.gmarket.co.kr/Item?goodscode=2518478827","imageUrl":"//gdimg.gmarket.co.kr/2518478827/still/400?ver=1725092513","sdBrandName":"백설","itemPrice":3280,"buyCount":2618,"reviewPoint":{"starPoint":4.75,"reviewCount":1011},"isBigSmileItem":false,"isSoldOut":false,"couponDiscount":{"discountType":"R","discountPrice":"0","discountRate":"15"},"cardDiscount":{"discountRate":0},"sellerInfo":{"sellCustNo":"155104283","sellLoginId":"emartmall2","nickname":"이마트몰쓱배송","isLmoOfficialSeller":false,"isFashionSquareSeller":false,"isBrandOfficialSeller":false},"hasOption":false,"isAdult":false,"isCartVisible":true,"discountRate":0,"sellPrice":3280,"tagLabels":[{"code":0,"text":"87"}],"buyUnitCount":1,"deliveryCode":"M","unitPrice":{"unit":100,"unitName":"g","price":328},"rank":87,"lcode":"100000036","mcode":"200002367","scode":"300024615"},{"itemNo":"2518480363","itemName":"오뚜기 델리토마토케찹 500G","itemUrl":"https://item.gmarket.co.kr/Item?goodscode=2518480363","imageUrl":"//gdimg.gmarket.co.kr/2518480363/still/400?ver=1725092417","sdBrandName":"오뚜기","itemPrice":2780,"buyCount":1786,"reviewPoint":{"starPoint":4.73,"reviewCount":1013},"isBigSmileItem":false,"isSoldOut":false,"couponDiscount":{"discountType":"R","discountPrice":"0","discountRate":"15"},"cardDiscount":{"discountRate":0},"sellerInfo":{"sellCustNo":"155104283","sellLoginId":"emartmall2","nickname":"이마트몰쓱배송","isLmoOfficialSeller":false,"isFashionSquareSeller":false,"isBrandOfficialSeller":false},"hasOption":false,"isAdult":false,"isCartVisible":true,"discountRate":0,"sellPrice":2780,"tagLabels":[{"code":0,"text":"88"}],"buyUnitCount":1,"deliveryCode":"M","unitPrice":{"unit":100,"unitName":"g","price":556},"rank":88,"lcode":"100000036","mcode":"200002366","scode":"300028703"},{"itemNo":"2523608147","itemName":"피코크 미니 크로와상300g(생지)","itemUrl":"https://item.gmarket.co.kr/Item?goodscode=2523608147","imageUrl":"//gdimg.gmarket.co.kr/2523608147/still/400?ver=1725102197","sdBrandName":"피코크","itemPrice":6980,"buyCount":2812,"reviewPoint":{"starPoint":4.75,"reviewCount":614},"isBigSmileItem":false,"isSoldOut":false,"couponDiscount":{"discountType":"R","discountPrice":"0","discountRate":"15"},"cardDiscount":{"discountRate":0},"sellerInfo":{"sellCustNo":"155104283","sellLoginId":"emartmall2","nickname":"이마트몰쓱배송","isLmoOfficialSeller":false,"isFashionSquareSeller":false,"isBrandOfficialSeller":false},"hasOption":false,"isAdult":false,"isCartVisible":true,"discountRate":0,"sellPrice":6980,"tagLabels":[{"code":0,"text":"89"}],"buyUnitCount":1,"deliveryCode":"M","rank":89,"lcode":"100000036","mcode":"200000642","scode":"300028688"},{"itemNo":"2518450584","itemName":"해표 옥수수유1.8L","itemUrl":"https://item.gmarket.co.kr/Item?goodscode=2518450584","imageUrl":"//gdimg.gmarket.co.kr/2518450584/still/400?ver=1725438326","itemPrice":6850,"buyCount":1183,"reviewPoint":{"starPoint":4.68,"reviewCount":277},"isBigSmileItem":false,"isSoldOut":false,"couponDiscount":{"discountType":"R","discountPrice":"0","discountRate":"15"},"cardDiscount":{"discountRate":0},"sellerInfo":{"sellCustNo":"155104283","sellLoginId":"emartmall2","nickname":"이마트몰쓱배송","isLmoOfficialSeller":false,"isFashionSquareSeller":false,"isBrandOfficialSeller":false},"hasOption":false,"isAdult":false,"isCartVisible":true,"discountRate":0,"sellPrice":6850,"tagLabels":[{"code":0,"text":"90"}],"buyUnitCount":1,"deliveryCode":"M","rank":90,"lcode":"100000036","mcode":"200001207","scode":"300024646"},{"itemNo":"2970764198","itemName":"노브랜드 진짜매운고추장500g","itemUrl":"https://item.gmarket.co.kr/Item?goodscode=2970764198","imageUrl":"//gdimg.gmarket.co.kr/2970764198/still/400?ver=1725130660","sdBrandName":"노브랜드","itemPrice":3480,"buyCount":2277,"reviewPoint":{"starPoint":4.73,"reviewCount":835},"isBigSmileItem":false,"isSoldOut":false,"cardDiscount":{"discountRate":0},"sellerInfo":{"sellCustNo":"155104283","sellLoginId":"emartmall2","nickname":"이마트몰쓱배송","isLmoOfficialSeller":false,"isFashionSquareSeller":false,"isBrandOfficialSeller":false},"hasOption":false,"isAdult":false,"isCartVisible":true,"discountRate":0,"sellPrice":3480,"tagLabels":[{"code":0,"text":"91"}],"buyUnitCount":1,"deliveryCode":"M","unitPrice":{"unit":100,"unitName":"g","price":696},"rank":91,"lcode":"100000036","mcode":"200002368","scode":"300012414"},{"itemNo":"3440611804","itemName":"청정원 LA갈비양념 500g","itemUrl":"https://item.gmarket.co.kr/Item?goodscode=3440611804","imageUrl":"//gdimg.gmarket.co.kr/3440611804/still/400?ver=1725136415","sdBrandName":"청정원","itemPrice":3580,"buyCount":153,"reviewPoint":{"starPoint":4.78,"reviewCount":47},"isBigSmileItem":false,"isSoldOut":false,"couponDiscount":{"discountType":"R","discountPrice":"0","discountRate":"15"},"cardDiscount":{"discountRate":0},"sellerInfo":{"sellCustNo":"155104283","sellLoginId":"emartmall2","nickname":"이마트몰쓱배송","isLmoOfficialSeller":false,"isFashionSquareSeller":false,"isBrandOfficialSeller":false},"hasOption":false,"isAdult":false,"isCartVisible":true,"discountRate":0,"sellPrice":3580,"tagLabels":[{"code":0,"text":"92"}],"buyUnitCount":1,"deliveryCode":"M","rank":92,"lcode":"100000036","mcode":"200001208","scode":"300012562"},{"itemNo":"2518496734","itemName":"오뚜기 빵가루 500g","itemUrl":"https://item.gmarket.co.kr/Item?goodscode=2518496734","imageUrl":"//gdimg.gmarket.co.kr/2518496734/still/400?ver=1725092613","sdBrandName":"오뚜기","itemPrice":3680,"buyCount":2036,"reviewPoint":{"starPoint":4.78,"reviewCount":825},"isBigSmileItem":false,"isSoldOut":false,"couponDiscount":{"discountType":"R","discountPrice":"0","discountRate":"15"},"cardDiscount":{"discountRate":0},"sellerInfo":{"sellCustNo":"155104283","sellLoginId":"emartmall2","nickname":"이마트몰쓱배송","isLmoOfficialSeller":false,"isFashionSquareSeller":false,"isBrandOfficialSeller":false},"hasOption":false,"isAdult":false,"isCartVisible":true,"discountRate":0,"sellPrice":3680,"tagLabels":[{"code":0,"text":"93"}],"buyUnitCount":1,"deliveryCode":"M","unitPrice":{"unit":100,"unitName":"g","price":736},"rank":93,"lcode":"100000036","mcode":"200002367","scode":"300024616"},{"itemNo":"2518529998","itemName":"청정원 서해안까나리액젓 750g+250g","itemUrl":"https://item.gmarket.co.kr/Item?goodscode=2518529998","imageUrl":"//gdimg.gmarket.co.kr/2518529998/still/400?ver=1725088268","itemPrice":5000,"buyCount":3015,"reviewPoint":{"starPoint":4.74,"reviewCount":1328},"isBigSmileItem":false,"isSoldOut":false,"couponDiscount":{"discountType":"R","discountPrice":"0","discountRate":"15"},"cardDiscount":{"discountRate":0},"sellerInfo":{"sellCustNo":"155104283","sellLoginId":"emartmall2","nickname":"이마트몰쓱배송","isLmoOfficialSeller":false,"isFashionSquareSeller":false,"isBrandOfficialSeller":false},"hasOption":false,"isAdult":false,"isCartVisible":true,"discountRate":0,"sellPrice":5000,"tagLabels":[{"code":0,"text":"94"}],"buyUnitCount":1,"deliveryCode":"M","rank":94,"lcode":"100000020","mcode":"200001820","scode":"300029017"},{"itemNo":"2518531753","itemName":"오뚜기하프 케찹 475g","itemUrl":"https://item.gmarket.co.kr/Item?goodscode=2518531753","imageUrl":"//gdimg.gmarket.co.kr/2518531753/still/400?ver=1725088265","sdBrandName":"오뚜기","itemPrice":3580,"buyCount":2803,"reviewPoint":{"starPoint":4.79,"reviewCount":991},"isBigSmileItem":false,"isSoldOut":false,"couponDiscount":{"discountType":"R","discountPrice":"0","discountRate":"15"},"cardDiscount":{"discountRate":0},"sellerInfo":{"sellCustNo":"155104283","sellLoginId":"emartmall2","nickname":"이마트몰쓱배송","isLmoOfficialSeller":false,"isFashionSquareSeller":false,"isBrandOfficialSeller":false},"hasOption":false,"isAdult":false,"isCartVisible":true,"discountRate":0,"sellPrice":3580,"tagLabels":[{"code":0,"text":"95"}],"buyUnitCount":1,"deliveryCode":"M","unitPrice":{"unit":100,"unitName":"g","price":754},"rank":95,"lcode":"100000036","mcode":"200002366","scode":"300028703"},{"itemNo":"3951418083","itemName":"오뚜기 고소한참기름320ml(병)","itemUrl":"https://item.gmarket.co.kr/Item?goodscode=3951418083","imageUrl":"//gdimg.gmarket.co.kr/3951418083/still/400?ver=1725092604","sdBrandName":"오뚜기","itemPrice":11880,"buyCount":222,"reviewPoint":{"starPoint":4.83,"reviewCount":69},"isBigSmileItem":false,"isSoldOut":false,"couponDiscount":{"discountType":"R","discountPrice":"0","discountRate":"15"},"cardDiscount":{"discountRate":0},"sellerInfo":{"sellCustNo":"155104283","sellLoginId":"emartmall2","nickname":"이마트몰쓱배송","isLmoOfficialSeller":false,"isFashionSquareSeller":false,"isBrandOfficialSeller":false},"hasOption":false,"isAdult":false,"isCartVisible":true,"discountRate":0,"sellPrice":11880,"tagLabels":[{"code":0,"text":"96"}],"buyUnitCount":1,"deliveryCode":"M","unitPrice":{"unit":10,"unitName":"mL","price":371},"rank":96,"lcode":"100000036","mcode":"200001207","scode":"300012408"},{"itemNo":"2518441588","itemName":"청정원 고소한 마요네즈 300g","itemUrl":"https://item.gmarket.co.kr/Item?goodscode=2518441588","imageUrl":"//gdimg.gmarket.co.kr/2518441588/still/400?ver=1725088228","sdBrandName":"청정원","itemPrice":3600,"buyCount":5348,"reviewPoint":{"starPoint":4.74,"reviewCount":2414},"isBigSmileItem":false,"isSoldOut":false,"couponDiscount":{"discountType":"R","discountPrice":"0","discountRate":"15"},"cardDiscount":{"discountRate":0},"sellerInfo":{"sellCustNo":"155104283","sellLoginId":"emartmall2","nickname":"이마트몰쓱배송","isLmoOfficialSeller":false,"isFashionSquareSeller":false,"isBrandOfficialSeller":false},"hasOption":false,"isAdult":false,"isCartVisible":true,"discountRate":0,"sellPrice":3600,"tagLabels":[{"code":0,"text":"97"}],"buyUnitCount":1,"deliveryCode":"M","unitPrice":{"unit":100,"unitName":"g","price":1200},"rank":97,"lcode":"100000036","mcode":"200002366","scode":"300028703"},{"itemNo":"2518964341","itemName":"청정원 파스타소스 600g(토마토)","itemUrl":"https://item.gmarket.co.kr/Item?goodscode=2518964341","imageUrl":"//gdimg.gmarket.co.kr/2518964341/still/400?ver=1725092231","sdBrandName":"청정원","itemPrice":5980,"buyCount":3765,"reviewPoint":{"starPoint":4.8,"reviewCount":807},"isBigSmileItem":false,"isSoldOut":false,"couponDiscount":{"discountType":"R","discountPrice":"0","discountRate":"15"},"cardDiscount":{"discountRate":0},"sellerInfo":{"sellCustNo":"155104283","sellLoginId":"emartmall2","nickname":"이마트몰쓱배송","isLmoOfficialSeller":false,"isFashionSquareSeller":false,"isBrandOfficialSeller":false},"hasOption":false,"isAdult":false,"isCartVisible":true,"discountRate":0,"sellPrice":5980,"tagLabels":[{"code":0,"text":"98"}],"buyUnitCount":1,"deliveryCode":"M","rank":98,"lcode":"100000036","mcode":"200002366","scode":"300024608"},{"itemNo":"2523378953","itemName":"대상 발효미원 100g","itemUrl":"https://item.gmarket.co.kr/Item?goodscode=2523378953","imageUrl":"//gdimg.gmarket.co.kr/2523378953/still/400?ver=1725100033","sdBrandName":"미원","itemPrice":2800,"buyCount":3476,"reviewPoint":{"starPoint":4.77,"reviewCount":1402},"isBigSmileItem":false,"isSoldOut":false,"couponDiscount":{"discountType":"R","discountPrice":"0","discountRate":"15"},"cardDiscount":{"discountRate":0},"sellerInfo":{"sellCustNo":"155104283","sellLoginId":"emartmall2","nickname":"이마트몰쓱배송","isLmoOfficialSeller":false,"isFashionSquareSeller":false,"isBrandOfficialSeller":false},"hasOption":false,"isAdult":false,"isCartVisible":true,"discountRate":0,"sellPrice":2800,"tagLabels":[{"code":0,"text":"99"}],"buyUnitCount":1,"deliveryCode":"M","rank":99,"lcode":"100000036","mcode":"200001208","scode":"300021915"},{"itemNo":"2518451077","itemName":"CJ백설 올리고당 700g","itemUrl":"https://item.gmarket.co.kr/Item?goodscode=2518451077","imageUrl":"//gdimg.gmarket.co.kr/2518451077/still/400?ver=1725092611","sdBrandName":"백설","itemPrice":4280,"buyCount":1363,"reviewPoint":{"starPoint":4.7,"reviewCount":481},"isBigSmileItem":false,"isSoldOut":false,"couponDiscount":{"discountType":"R","discountPrice":"0","discountRate":"15"},"cardDiscount":{"discountRate":0},"sellerInfo":{"sellCustNo":"155104283","sellLoginId":"emartmall2","nickname":"이마트몰쓱배송","isLmoOfficialSeller":false,"isFashionSquareSeller":false,"isBrandOfficialSeller":false},"hasOption":false,"isAdult":false,"isCartVisible":true,"discountRate":0,"sellPrice":4280,"tagLabels":[{"code":0,"text":"100"}],"buyUnitCount":1,"deliveryCode":"M","rank":100,"lcode":"100000036","mcode":"200001208","scode":"300012416"}]},"sortOption":"Popularity"},"bigSmileDay":{"isBigSmileDay":true,"bsdTagImageUrl":"//image.gmarket.co.kr/hanbando/202408/a4e449b9-22a7-4df9-aaa4-148d912fcc83.png","bsdTagAltText":"한가위 빅세일","bsdToggleText":"//image.gmarket.co.kr/hanbando/202408/59082f4f-8cf6-4b62-b345-1072bb0c0d3c.gif","bsdToggleBackGround":"//image.gmarket.co.kr/hanbando/202408/7911f573-e13d-4fcc-80de-3c1fbed2bfdb.png","bsdToggleUseSmileIcon":false,"bsdToggleOnAltText":"한가위 빅세일 필터 ","bsdToggleOffAltText":"한가위 빅세일 필터 "},"isSFC":false}},"__N_SSP":true},"page":"/n/smilefresh/best","query":{"categoryCode":"100001035"},"buildId":"FuleE6RJUYphys9RuEDG0","assetPrefix":"/n/smilefresh","isFallback":false,"gssp":true,"customServer":true,"scriptLoader":[]}</script><script>(function(){function c(){var b=a.contentDocument||a.contentWindow.document;if(b){var d=b.createElement('script');d.innerHTML="window.__CF$cv$params={r:'8bea756e3e7ca7dd',t:'MTcyNTU4Mzc2Mi4wMDAwMDA='};var a=document.createElement('script');a.nonce='';a.src='/cdn-cgi/challenge-platform/scripts/jsd/main.js';document.getElementsByTagName('head')[0].appendChild(a);";b.getElementsByTagName('head')[0].appendChild(d)}}if(document.body){var a=document.createElement('iframe');a.height=1;a.width=1;a.style.position='absolute';a.style.top=0;a.style.left=0;a.style.border='none';a.style.visibility='hidden';document.body.appendChild(a);if('loading'!==document.readyState)c();else if(window.addEventListener)document.addEventListener('DOMContentLoaded',c);else{var e=document.onreadystatechange||function(){};document.onreadystatechange=function(b){e(b);'loading'!==document.readyState&&(document.onreadystatechange=e,c())}}}})();</script></body></html>