<!DOCTYPE html><html lang="ko" class="no-js platform__web os__windows"><head><meta name="viewport" content="width=1260"/><meta charSet="utf-8"/><meta http-equiv="X-UA-Compatible" content="ie=edge"/><meta name="msapplication-starturl" content="https://www.gmarket.co.kr/n/smilefresh"/><meta property="og:site_name" content="Gmarket"/><meta property="og:title" content="[G마켓] 스마일프레시"/><meta property="og:type" content="website"/><meta property="og:image" content="http://pics.gmarket.co.kr/share/G_smilefresh_1.0.png"/><meta http-equiv="x-dns-prefetch-control" content="on"/><link rel="dns-prefetch" href="https://pics.gmarket.co.kr/"/><link rel="dns-prefetch" href="https://script.gmarket.co.kr/"/><link rel="dns-prefetch" href="https://image.gmarket.co.kr/"/><link rel="dns-prefetch" href="https://gdimg.gmarket.co.kr/"/><link rel="dns-prefetch" href="https://ad-img.gmarket.com/"/><meta name="p:domain_verify" content="f439a07b31c110a1a16c9a468a630af9"/><meta property="fb:admins" content="100000991027914"/><link rel="apple-touch-icon-precomposed" href="http://image.gmarket.co.kr/Gmarket_Mobile_v2/icon_01.png"/><link rel="shortcut icon" href="https://image.gmarket.co.kr/favicon/gmarket.ico"/><link rel="stylesheet" href="https://script.gmarket.co.kr/pc/css/ko/common.css"/><link rel="stylesheet" href="https://script.gmarket.co.kr/pc/css/common/kr/ui/common.css"/><link rel="stylesheet" href="https://script.gmarket.co.kr/pc/css/common/kr/swiper.min.css"/><link rel="stylesheet" href="https://script.gmarket.co.kr/pc/css/application/kr/smilefresh/app.css"/><link rel="stylesheet" href="https://script.gmarket.co.kr/pc/css/common/kr/ui/desktop_layout.css"/><link rel="preload" as="script" href="https://script.gmarket.co.kr/mobile/js/common/kr/util/viewability.js"/><link rel="preload" as="script" href="https://script.gmarket.co.kr/js/common/ats_gmkt.js"/><link rel="preload" as="script" href="https://script.gmarket.co.kr/fnp/desktop-layout.js"/><style>img[class*=no-js],.swiper-lazy.swiper-lazy-loaded{opacity:1;transition:opacity 0.2s;}img[src^=data],.swiper-lazy{opacity:0;}</style><title>스마일프레시 - 쌀/잡곡 베스트</title><meta name="description" content="스마일프레시 베스트 상품입니다."/><meta property="og:description" content="스마일프레시 베스트 상품입니다."/><meta property="og:url" content="https://www.gmarket.co.kr/n/smilefresh/best?categoryCode=100001007"/><link rel="canonical" href="best@categoryCode=100001007.html"/><link rel="alternate" media="only screen and (max-width: 640px)" href="https://m.gmarket.co.kr/n/smilefresh/best?categoryCode=100001007"/><meta name="next-head-count" content="33"/><noscript data-n-css=""></noscript><script defer="" nomodule="" src="_next/static/chunks/polyfills-c67a75d1b6f99dc8.js"></script><script defer="" nomodule="" src="_next/static/chunks/polyfills-next-pack-2cc6155c435f3c28.js"></script><script src="_next/static/chunks/webpack-d1ca374413357f9c.js" defer=""></script><script src="_next/static/chunks/framework-0bff4c72fef67389.js" defer=""></script><script src="_next/static/chunks/main-92a66ce9cd5c1b79.js" defer=""></script><script src="_next/static/chunks/pages/_app-e41d5dd9fd26cf09.js" defer=""></script><script src="_next/static/chunks/94a7ad86-beff1d5f4916f37c.js" defer=""></script><script src="_next/static/chunks/c30a072d-b284a345e70d4a79.js" defer=""></script><script src="_next/static/chunks/971-4b1e901bc43526de.js" defer=""></script><script src="_next/static/chunks/765-5e6e5dea54f3191b.js" defer=""></script><script src="_next/static/chunks/186-c103d92344bdb142.js" defer=""></script><script src="_next/static/chunks/29-aeaaef68278b881e.js" defer=""></script><script src="_next/static/chunks/401-32b649bde914004a.js" defer=""></script><script src="_next/static/chunks/233-03ce063c0eec1686.js" defer=""></script><script src="_next/static/chunks/815-fa1dc9d1dbff1188.js" defer=""></script><script src="_next/static/chunks/pages/n/smilefresh/best-cd815d43e763bcd5.js" defer=""></script><script src="_next/static/FuleE6RJUYphys9RuEDG0/_buildManifest.js" defer=""></script><script src="_next/static/FuleE6RJUYphys9RuEDG0/_ssgManifest.js" defer=""></script></head><body class="smilefresh"><script>document.documentElement.className = document.documentElement.className.replace('no-js', 'js');</script><noscript><iframe src="https://www.googletagmanager.com/ns.html?id=GTM-MFMM9GV" height="0" width="0" style="display:none;visibility:hidden" title="smilefresh"></iframe></noscript><div id="__next" data-reactroot=""><div id="skip-navigation" class="skip-navigation-simpleheader"><strong class="for-a11y">스킵 네비게이션</strong><ul><li><a href="best@categoryCode=100001007.html#skip-navigation-search">검색창 바로가기</a></li><li><a href="best@categoryCode=100001007.html#button__category-all">전체카테고리 바로가기</a></li><li><a href="best@categoryCode=100001007.html#container">본문 바로가기</a></li></ul></div><div style="min-height:40px"></div><h2 class="for-a11y">스마일프레시 검색창</h2><div id="smile_gnb" class="smilefresh_gnb" role="complementary" style="position:relative;top:0;z-index:400"><div class="gnb_container"><div class="layout_left"><div id="_smilelnb" class="corenavi navi_allmenu"><button type="button" class="navi_opener" aria-label="스마일프레시 카테고리 메뉴" aria-expanded="false" aria-controls="smiledelivery_category_list"><p class="for-a11y">전체메뉴</p><em class="ico_hambugermenu"><span class="line1"></span><span class="line2"></span><span class="line3"></span></em></button></div><h1><a title="스마일프레시" href="../smilefresh.html"><img src="https://pics.gmarket.co.kr/pc/single/kr/smilefresh/logo_smilefresh.png" height="32" alt="스마일프레시"/></a></h1><div class="smile_search"><form method="get" action="https://www.gmarket.co.kr/n/smilefresh/search"><div class="search_box"><input type="text" class="search_input_keyword" name="keyword" title="검색어입력" aria-label="스마일프레시 검색 입력" autoComplete="off" spellcheck="false" autoCorrect="off" autoCapitalize="off" value=""/><input type="submit" value="검색" class="search_btn_ok sp_sd" style="cursor:pointer"/></div><div class="suggestion_search"></div></form></div></div><div class="layout_right"><a href="https://myg.gmarket.co.kr/ContractList/ContractList" class="link__my sp_sd--before">장본내역</a><div class="cart_guage"><a href="https://cart.gmarket.co.kr/ko/cart/smilefresh" class="cart sp_sd"><span class="for-a11y">장바구니</span></a><span class="for-a11y">장바구니에 담긴 상품수</span></div></div></div><div class="box__smilefresh"><div class="box__smilefresh-inner"><ul class="list__tab" aria-label="스마일프레시 메뉴"><li><a class="link__tab" href="../smilefresh.html">홈</a></li><li><a class="link__tab" href="brand.html">브랜드</a></li><li><a class="link__tab link__tab--active" aria-current="page" href="best.html">베스트</a></li><li><a class="link__tab" href="sale.html">행사중</a></li><li><a class="link__tab" href="freq-buy.html">자주구매</a></li></ul><a href="guide.html" class="link__guide sprite__smilefresh--after">스마일프레시 알아보기</a></div></div></div><div id="content" role="main"><div class="box__component box__smilefresh-delivery"><div class="box__component-inner"><div class="box__delivery-info login"><span class="sprite__smilefresh--before text__address"><span class="text__state">로그인</span>을 진행해 주세요</span><a class="button__address" href="best@categoryCode=100001007.html">로그인</a></div></div></div><div class="box__smilefresh-content box__smilefresh-best"><div class="box__sub-category box__sub-category-type2"><div class="box__sub-category-inner"><h2 class="text__title">스마일프레시 베스트</h2><div class="box__recomend-category category_sec" role="navigation"><div class="box__inner" style="width:1220px"><div class="swiper-container"><div class="swiper-wrapper"><div class="swiper-slide"><ul class="category_slide" aria-label="스마일프레시 베스트 메뉴"><li class="list-item"><a href="best.html"><div class="img_sec"><img data-src="//pics.gmarket.co.kr/pc/single/kr/smilefresh/image__category-all.png" class="swiper-lazy" alt=""/></div><div class="box__category-name"><div class="box__category-name-inner"><span class="category_name">전체</span></div></div></a></li><li class="list-item"><a href="best@categoryCode=100000000.html"><div class="img_sec"><img data-src="https://image.gmarket.co.kr/hanbando/202209/2f7e5c38-9606-4f1a-912e-f969e22f430f.jpg" class="swiper-lazy" alt=""/></div><div class="box__category-name"><div class="box__category-name-inner"><span class="category_name">정육/계란</span></div></div></a></li><li class="list-item"><a href="best@categoryCode=100001005.html"><div class="img_sec"><img data-src="https://image.gmarket.co.kr/hanbando/202207/efc9fa9b-b4d8-4eb4-b44d-dc8a47a8c00a.jpg" class="swiper-lazy" alt=""/></div><div class="box__category-name"><div class="box__category-name-inner"><span class="category_name">과일</span></div></div></a></li><li class="list-item"><a href="best@categoryCode=100001006.html"><div class="img_sec"><img data-src="https://image.gmarket.co.kr/hanbando/202207/287cdcc7-47f4-4949-8cdf-2bfb4ff5522e.jpg" class="swiper-lazy" alt=""/></div><div class="box__category-name"><div class="box__category-name-inner"><span class="category_name">냉동/간편식</span></div></div></a></li><li class="list-item list-item--active"><a aria-current="page" href="best@categoryCode=100001007.html"><div class="img_sec"><img data-src="https://image.gmarket.co.kr/hanbando/202207/92c7e264-61a8-4e11-ab2b-d3ad8a7b3ab6.jpg" class="swiper-lazy" alt=""/></div><div class="box__category-name"><div class="box__category-name-inner"><span class="category_name">쌀/잡곡</span></div></div></a></li><li class="list-item"><a href="best@categoryCode=100001008.html"><div class="img_sec"><img data-src="https://image.gmarket.co.kr/hanbando/202209/eb8b0652-724b-465a-800a-49436a3f5435.jpg" class="swiper-lazy" alt=""/></div><div class="box__category-name"><div class="box__category-name-inner"><span class="category_name">채소/두부</span></div></div></a></li><li class="list-item"><a href="best@categoryCode=100001010.html"><div class="img_sec"><img data-src="https://image.gmarket.co.kr/hanbando/202207/9ac23369-57e8-4299-889a-4f5360cd3c28.jpg" class="swiper-lazy" alt=""/></div><div class="box__category-name"><div class="box__category-name-inner"><span class="category_name">라면/즉석식품</span></div></div></a></li><li class="list-item"><a href="best@categoryCode=100001032.html"><div class="img_sec"><img data-src="https://image.gmarket.co.kr/hanbando/202207/a28bdf02-b436-4466-88de-d8f11ca54296.jpg" class="swiper-lazy" alt=""/></div><div class="box__category-name"><div class="box__category-name-inner"><span class="category_name">생수/음료</span></div></div></a></li><li class="list-item"><a href="best@categoryCode=100001033.html"><div class="img_sec"><img data-src="https://image.gmarket.co.kr/hanbando/202207/fd43d2b2-4f77-4e2c-b5da-58d24b91d95b.jpg" class="swiper-lazy" alt=""/></div><div class="box__category-name"><div class="box__category-name-inner"><span class="category_name">과자/아이스크림</span></div></div></a></li><li class="list-item"><a href="best@categoryCode=100001034.html"><div class="img_sec"><img data-src="https://image.gmarket.co.kr/hanbando/202207/f5f1f7ed-e6a5-4ecd-ac66-aa87756158c2.jpg" class="swiper-lazy" alt=""/></div><div class="box__category-name"><div class="box__category-name-inner"><span class="category_name">우유/유제품</span></div></div></a></li><li class="list-item"><a href="best@categoryCode=100001035.html"><div class="img_sec"><img data-src="https://image.gmarket.co.kr/hanbando/202207/089a0e40-92de-4a0e-a8cb-2a18f78c5691.jpg" class="swiper-lazy" alt=""/></div><div class="box__category-name"><div class="box__category-name-inner"><span class="category_name">장류/양념</span></div></div></a></li><li class="list-item"><a href="best@categoryCode=100001036.html"><div class="img_sec"><img data-src="https://image.gmarket.co.kr/hanbando/202207/a5b62bcd-46b5-4059-bb1b-e01878b77ef4.jpg" class="swiper-lazy" alt=""/></div><div class="box__category-name"><div class="box__category-name-inner"><span class="category_name">화장지/위생</span></div></div></a></li></ul></div><div class="swiper-slide"><ul class="category_slide" aria-label="스마일프레시 베스트 메뉴"><li class="list-item"><a href="best@categoryCode=100001037.html"><div class="img_sec"><img data-src="https://image.gmarket.co.kr/hanbando/202207/c5b6a09a-4955-4829-94d6-c62f818f2f34.jpg" class="swiper-lazy" alt=""/></div><div class="box__category-name"><div class="box__category-name-inner"><span class="category_name">커피/차</span></div></div></a></li><li class="list-item"><a href="best@categoryCode=100001038.html"><div class="img_sec"><img data-src="https://image.gmarket.co.kr/hanbando/202207/23143aa7-715d-4778-8b1e-ab87422a8d3a.jpg" class="swiper-lazy" alt=""/></div><div class="box__category-name"><div class="box__category-name-inner"><span class="category_name">수산물</span></div></div></a></li><li class="list-item"><a href="best@categoryCode=100001039.html"><div class="img_sec"><img data-src="https://image.gmarket.co.kr/hanbando/202207/85d41348-f077-4b90-b0ff-3599d16216b2.jpg" class="swiper-lazy" alt=""/></div><div class="box__category-name"><div class="box__category-name-inner"><span class="category_name">밀키트/반찬</span></div></div></a></li><li class="list-item"><a href="best@categoryCode=100002000.html"><div class="img_sec"><img data-src="https://image.gmarket.co.kr/hanbando/202208/ea1ecb73-6a2c-45f7-8a89-2e130b634a99.jpg" class="swiper-lazy" alt=""/></div><div class="box__category-name"><div class="box__category-name-inner"><span class="category_name">베이커리/잼</span></div></div></a></li><li class="list-item"><a href="best@categoryCode=100002001.html"><div class="img_sec"><img data-src="https://image.gmarket.co.kr/hanbando/202208/7088de74-301b-48ef-911c-f33ed6a22f9b.jpg" class="swiper-lazy" alt=""/></div><div class="box__category-name"><div class="box__category-name-inner"><span class="category_name">건강식품</span></div></div></a></li><li class="list-item"><a href="best@categoryCode=100002002.html"><div class="img_sec"><img data-src="https://image.gmarket.co.kr/hanbando/202208/39888525-4f61-453f-865c-83b6ca536b58.jpg" class="swiper-lazy" alt=""/></div><div class="box__category-name"><div class="box__category-name-inner"><span class="category_name">세탁/청소/욕실용품</span></div></div></a></li><li class="list-item"><a href="best@categoryCode=100002003.html"><div class="img_sec"><img data-src="https://image.gmarket.co.kr/hanbando/202208/a9484e1d-492e-4ab4-84db-1a387177dcbf.jpg" class="swiper-lazy" alt=""/></div><div class="box__category-name"><div class="box__category-name-inner"><span class="category_name">리빙</span></div></div></a></li><li class="list-item"><a href="best@categoryCode=100002004.html"><div class="img_sec"><img data-src="https://image.gmarket.co.kr/hanbando/202208/e0d7614a-763e-4d90-b696-b20c76e890ca.jpg" class="swiper-lazy" alt=""/></div><div class="box__category-name"><div class="box__category-name-inner"><span class="category_name">주방/일회용품</span></div></div></a></li><li class="list-item"><a href="best@categoryCode=100002005.html"><div class="img_sec"><img data-src="https://image.gmarket.co.kr/hanbando/202208/231a3b36-5d05-467d-a33a-8651b9cf19c6.jpg" class="swiper-lazy" alt=""/></div><div class="box__category-name"><div class="box__category-name-inner"><span class="category_name">생활잡화/공구</span></div></div></a></li><li class="list-item"><a href="best@categoryCode=100002006.html"><div class="img_sec"><img data-src="https://image.gmarket.co.kr/hanbando/202208/692a0b18-2063-4f86-a0af-3f7bbee09696.jpg" class="swiper-lazy" alt=""/></div><div class="box__category-name"><div class="box__category-name-inner"><span class="category_name">반려동물</span></div></div></a></li><li class="list-item"><a href="best@categoryCode=100002007.html"><div class="img_sec"><img data-src="https://image.gmarket.co.kr/hanbando/202208/ba755a2e-4a11-472c-92f0-6b82f671b1f8.jpg" class="swiper-lazy" alt=""/></div><div class="box__category-name"><div class="box__category-name-inner"><span class="category_name">뷰티</span></div></div></a></li><li class="list-item"><a href="best@categoryCode=100002008.html"><div class="img_sec"><img data-src="https://image.gmarket.co.kr/hanbando/202208/fd6fb0fe-4f81-48ea-bec2-5cc37db6fa18.jpg" class="swiper-lazy" alt=""/></div><div class="box__category-name"><div class="box__category-name-inner"><span class="category_name">유아동/출산/완구</span></div></div></a></li></ul></div><div class="swiper-slide"><ul class="category_slide" aria-label="스마일프레시 베스트 메뉴"><li class="list-item"><a href="best@categoryCode=100002009.html"><div class="img_sec"><img data-src="https://image.gmarket.co.kr/hanbando/202208/315ccf35-b333-4017-b664-ccb1ba966ef0.jpg" class="swiper-lazy" alt=""/></div><div class="box__category-name"><div class="box__category-name-inner"><span class="category_name">패션/언더웨어</span></div></div></a></li><li class="list-item"><a href="best@categoryCode=100002010.html"><div class="img_sec"><img data-src="https://image.gmarket.co.kr/hanbando/202208/30fc0d1d-ea15-4e02-8f50-f144d06423ca.jpg" class="swiper-lazy" alt=""/></div><div class="box__category-name"><div class="box__category-name-inner"><span class="category_name">잡화/슈즈/명품</span></div></div></a></li><li class="list-item"><a href="best@categoryCode=100002011.html"><div class="img_sec"><img data-src="https://image.gmarket.co.kr/hanbando/202208/fa99b668-5f13-496e-a62d-dce329ead7cc.jpg" class="swiper-lazy" alt=""/></div><div class="box__category-name"><div class="box__category-name-inner"><span class="category_name">스포츠/레저/자동차</span></div></div></a></li><li class="list-item"><a href="best@categoryCode=100002012.html"><div class="img_sec"><img data-src="https://image.gmarket.co.kr/hanbando/202208/f38a6d26-1cc0-4b33-bf23-f933c2190252.jpg" class="swiper-lazy" alt=""/></div><div class="box__category-name"><div class="box__category-name-inner"><span class="category_name">디지털/가전</span></div></div></a></li><li class="list-item"><a href="best@categoryCode=100002013.html"><div class="img_sec"><img data-src="https://image.gmarket.co.kr/hanbando/202208/edd14751-f54a-48ff-ae9a-15a33b10c06c.jpg" class="swiper-lazy" alt=""/></div><div class="box__category-name"><div class="box__category-name-inner"><span class="category_name">문구/취미/도서</span></div></div></a></li><li class="list-item"><a href="best.html"><div class="img_sec"><img data-src="//pics.gmarket.co.kr/pc/single/kr/smilefresh/image__category-all.png" class="swiper-lazy" alt=""/></div><div class="box__category-name"><div class="box__category-name-inner"><span class="category_name">전체</span></div></div></a></li><li class="list-item"><a href="best@categoryCode=100000000.html"><div class="img_sec"><img data-src="https://image.gmarket.co.kr/hanbando/202209/2f7e5c38-9606-4f1a-912e-f969e22f430f.jpg" class="swiper-lazy" alt=""/></div><div class="box__category-name"><div class="box__category-name-inner"><span class="category_name">정육/계란</span></div></div></a></li><li class="list-item"><a href="best@categoryCode=100001005.html"><div class="img_sec"><img data-src="https://image.gmarket.co.kr/hanbando/202207/efc9fa9b-b4d8-4eb4-b44d-dc8a47a8c00a.jpg" class="swiper-lazy" alt=""/></div><div class="box__category-name"><div class="box__category-name-inner"><span class="category_name">과일</span></div></div></a></li><li class="list-item"><a href="best@categoryCode=100001006.html"><div class="img_sec"><img data-src="https://image.gmarket.co.kr/hanbando/202207/287cdcc7-47f4-4949-8cdf-2bfb4ff5522e.jpg" class="swiper-lazy" alt=""/></div><div class="box__category-name"><div class="box__category-name-inner"><span class="category_name">냉동/간편식</span></div></div></a></li><li class="list-item list-item--active"><a aria-current="page" href="best@categoryCode=100001007.html"><div class="img_sec"><img data-src="https://image.gmarket.co.kr/hanbando/202207/92c7e264-61a8-4e11-ab2b-d3ad8a7b3ab6.jpg" class="swiper-lazy" alt=""/></div><div class="box__category-name"><div class="box__category-name-inner"><span class="category_name">쌀/잡곡</span></div></div></a></li><li class="list-item"><a href="best@categoryCode=100001008.html"><div class="img_sec"><img data-src="https://image.gmarket.co.kr/hanbando/202209/eb8b0652-724b-465a-800a-49436a3f5435.jpg" class="swiper-lazy" alt=""/></div><div class="box__category-name"><div class="box__category-name-inner"><span class="category_name">채소/두부</span></div></div></a></li><li class="list-item"><a href="best@categoryCode=100001010.html"><div class="img_sec"><img data-src="https://image.gmarket.co.kr/hanbando/202207/9ac23369-57e8-4299-889a-4f5360cd3c28.jpg" class="swiper-lazy" alt=""/></div><div class="box__category-name"><div class="box__category-name-inner"><span class="category_name">라면/즉석식품</span></div></div></a></li></ul></div><div class="swiper-slide"><ul class="category_slide" aria-label="스마일프레시 베스트 메뉴"><li class="list-item"><a href="best@categoryCode=100001032.html"><div class="img_sec"><img data-src="https://image.gmarket.co.kr/hanbando/202207/a28bdf02-b436-4466-88de-d8f11ca54296.jpg" class="swiper-lazy" alt=""/></div><div class="box__category-name"><div class="box__category-name-inner"><span class="category_name">생수/음료</span></div></div></a></li><li class="list-item"><a href="best@categoryCode=100001033.html"><div class="img_sec"><img data-src="https://image.gmarket.co.kr/hanbando/202207/fd43d2b2-4f77-4e2c-b5da-58d24b91d95b.jpg" class="swiper-lazy" alt=""/></div><div class="box__category-name"><div class="box__category-name-inner"><span class="category_name">과자/아이스크림</span></div></div></a></li><li class="list-item"><a href="best@categoryCode=100001034.html"><div class="img_sec"><img data-src="https://image.gmarket.co.kr/hanbando/202207/f5f1f7ed-e6a5-4ecd-ac66-aa87756158c2.jpg" class="swiper-lazy" alt=""/></div><div class="box__category-name"><div class="box__category-name-inner"><span class="category_name">우유/유제품</span></div></div></a></li><li class="list-item"><a href="best@categoryCode=100001035.html"><div class="img_sec"><img data-src="https://image.gmarket.co.kr/hanbando/202207/089a0e40-92de-4a0e-a8cb-2a18f78c5691.jpg" class="swiper-lazy" alt=""/></div><div class="box__category-name"><div class="box__category-name-inner"><span class="category_name">장류/양념</span></div></div></a></li><li class="list-item"><a href="best@categoryCode=100001036.html"><div class="img_sec"><img data-src="https://image.gmarket.co.kr/hanbando/202207/a5b62bcd-46b5-4059-bb1b-e01878b77ef4.jpg" class="swiper-lazy" alt=""/></div><div class="box__category-name"><div class="box__category-name-inner"><span class="category_name">화장지/위생</span></div></div></a></li><li class="list-item"><a href="best@categoryCode=100001037.html"><div class="img_sec"><img data-src="https://image.gmarket.co.kr/hanbando/202207/c5b6a09a-4955-4829-94d6-c62f818f2f34.jpg" class="swiper-lazy" alt=""/></div><div class="box__category-name"><div class="box__category-name-inner"><span class="category_name">커피/차</span></div></div></a></li><li class="list-item"><a href="best@categoryCode=100001038.html"><div class="img_sec"><img data-src="https://image.gmarket.co.kr/hanbando/202207/23143aa7-715d-4778-8b1e-ab87422a8d3a.jpg" class="swiper-lazy" alt=""/></div><div class="box__category-name"><div class="box__category-name-inner"><span class="category_name">수산물</span></div></div></a></li><li class="list-item"><a href="best@categoryCode=100001039.html"><div class="img_sec"><img data-src="https://image.gmarket.co.kr/hanbando/202207/85d41348-f077-4b90-b0ff-3599d16216b2.jpg" class="swiper-lazy" alt=""/></div><div class="box__category-name"><div class="box__category-name-inner"><span class="category_name">밀키트/반찬</span></div></div></a></li><li class="list-item"><a href="best@categoryCode=100002000.html"><div class="img_sec"><img data-src="https://image.gmarket.co.kr/hanbando/202208/ea1ecb73-6a2c-45f7-8a89-2e130b634a99.jpg" class="swiper-lazy" alt=""/></div><div class="box__category-name"><div class="box__category-name-inner"><span class="category_name">베이커리/잼</span></div></div></a></li><li class="list-item"><a href="best@categoryCode=100002001.html"><div class="img_sec"><img data-src="https://image.gmarket.co.kr/hanbando/202208/7088de74-301b-48ef-911c-f33ed6a22f9b.jpg" class="swiper-lazy" alt=""/></div><div class="box__category-name"><div class="box__category-name-inner"><span class="category_name">건강식품</span></div></div></a></li><li class="list-item"><a href="best@categoryCode=100002002.html"><div class="img_sec"><img data-src="https://image.gmarket.co.kr/hanbando/202208/39888525-4f61-453f-865c-83b6ca536b58.jpg" class="swiper-lazy" alt=""/></div><div class="box__category-name"><div class="box__category-name-inner"><span class="category_name">세탁/청소/욕실용품</span></div></div></a></li><li class="list-item"><a href="best@categoryCode=100002003.html"><div class="img_sec"><img data-src="https://image.gmarket.co.kr/hanbando/202208/a9484e1d-492e-4ab4-84db-1a387177dcbf.jpg" class="swiper-lazy" alt=""/></div><div class="box__category-name"><div class="box__category-name-inner"><span class="category_name">리빙</span></div></div></a></li></ul></div><div class="swiper-slide"><ul class="category_slide" aria-label="스마일프레시 베스트 메뉴"><li class="list-item"><a href="best@categoryCode=100002004.html"><div class="img_sec"><img data-src="https://image.gmarket.co.kr/hanbando/202208/e0d7614a-763e-4d90-b696-b20c76e890ca.jpg" class="swiper-lazy" alt=""/></div><div class="box__category-name"><div class="box__category-name-inner"><span class="category_name">주방/일회용품</span></div></div></a></li><li class="list-item"><a href="best@categoryCode=100002005.html"><div class="img_sec"><img data-src="https://image.gmarket.co.kr/hanbando/202208/231a3b36-5d05-467d-a33a-8651b9cf19c6.jpg" class="swiper-lazy" alt=""/></div><div class="box__category-name"><div class="box__category-name-inner"><span class="category_name">생활잡화/공구</span></div></div></a></li><li class="list-item"><a href="best@categoryCode=100002006.html"><div class="img_sec"><img data-src="https://image.gmarket.co.kr/hanbando/202208/692a0b18-2063-4f86-a0af-3f7bbee09696.jpg" class="swiper-lazy" alt=""/></div><div class="box__category-name"><div class="box__category-name-inner"><span class="category_name">반려동물</span></div></div></a></li><li class="list-item"><a href="best@categoryCode=100002007.html"><div class="img_sec"><img data-src="https://image.gmarket.co.kr/hanbando/202208/ba755a2e-4a11-472c-92f0-6b82f671b1f8.jpg" class="swiper-lazy" alt=""/></div><div class="box__category-name"><div class="box__category-name-inner"><span class="category_name">뷰티</span></div></div></a></li><li class="list-item"><a href="best@categoryCode=100002008.html"><div class="img_sec"><img data-src="https://image.gmarket.co.kr/hanbando/202208/fd6fb0fe-4f81-48ea-bec2-5cc37db6fa18.jpg" class="swiper-lazy" alt=""/></div><div class="box__category-name"><div class="box__category-name-inner"><span class="category_name">유아동/출산/완구</span></div></div></a></li><li class="list-item"><a href="best@categoryCode=100002009.html"><div class="img_sec"><img data-src="https://image.gmarket.co.kr/hanbando/202208/315ccf35-b333-4017-b664-ccb1ba966ef0.jpg" class="swiper-lazy" alt=""/></div><div class="box__category-name"><div class="box__category-name-inner"><span class="category_name">패션/언더웨어</span></div></div></a></li><li class="list-item"><a href="best@categoryCode=100002010.html"><div class="img_sec"><img data-src="https://image.gmarket.co.kr/hanbando/202208/30fc0d1d-ea15-4e02-8f50-f144d06423ca.jpg" class="swiper-lazy" alt=""/></div><div class="box__category-name"><div class="box__category-name-inner"><span class="category_name">잡화/슈즈/명품</span></div></div></a></li><li class="list-item"><a href="best@categoryCode=100002011.html"><div class="img_sec"><img data-src="https://image.gmarket.co.kr/hanbando/202208/fa99b668-5f13-496e-a62d-dce329ead7cc.jpg" class="swiper-lazy" alt=""/></div><div class="box__category-name"><div class="box__category-name-inner"><span class="category_name">스포츠/레저/자동차</span></div></div></a></li><li class="list-item"><a href="best@categoryCode=100002012.html"><div class="img_sec"><img data-src="https://image.gmarket.co.kr/hanbando/202208/f38a6d26-1cc0-4b33-bf23-f933c2190252.jpg" class="swiper-lazy" alt=""/></div><div class="box__category-name"><div class="box__category-name-inner"><span class="category_name">디지털/가전</span></div></div></a></li><li class="list-item"><a href="best@categoryCode=100002013.html"><div class="img_sec"><img data-src="https://image.gmarket.co.kr/hanbando/202208/edd14751-f54a-48ff-ae9a-15a33b10c06c.jpg" class="swiper-lazy" alt=""/></div><div class="box__category-name"><div class="box__category-name-inner"><span class="category_name">문구/취미/도서</span></div></div></a></li><li class="list-item"><a href="best.html"><div class="img_sec"><img data-src="//pics.gmarket.co.kr/pc/single/kr/smilefresh/image__category-all.png" class="swiper-lazy" alt=""/></div><div class="box__category-name"><div class="box__category-name-inner"><span class="category_name">전체</span></div></div></a></li><li class="list-item"><a href="best@categoryCode=100000000.html"><div class="img_sec"><img data-src="https://image.gmarket.co.kr/hanbando/202209/2f7e5c38-9606-4f1a-912e-f969e22f430f.jpg" class="swiper-lazy" alt=""/></div><div class="box__category-name"><div class="box__category-name-inner"><span class="category_name">정육/계란</span></div></div></a></li></ul></div><div class="swiper-slide"><ul class="category_slide" aria-label="스마일프레시 베스트 메뉴"><li class="list-item"><a href="best@categoryCode=100001005.html"><div class="img_sec"><img data-src="https://image.gmarket.co.kr/hanbando/202207/efc9fa9b-b4d8-4eb4-b44d-dc8a47a8c00a.jpg" class="swiper-lazy" alt=""/></div><div class="box__category-name"><div class="box__category-name-inner"><span class="category_name">과일</span></div></div></a></li><li class="list-item"><a href="best@categoryCode=100001006.html"><div class="img_sec"><img data-src="https://image.gmarket.co.kr/hanbando/202207/287cdcc7-47f4-4949-8cdf-2bfb4ff5522e.jpg" class="swiper-lazy" alt=""/></div><div class="box__category-name"><div class="box__category-name-inner"><span class="category_name">냉동/간편식</span></div></div></a></li><li class="list-item list-item--active"><a aria-current="page" href="best@categoryCode=100001007.html"><div class="img_sec"><img data-src="https://image.gmarket.co.kr/hanbando/202207/92c7e264-61a8-4e11-ab2b-d3ad8a7b3ab6.jpg" class="swiper-lazy" alt=""/></div><div class="box__category-name"><div class="box__category-name-inner"><span class="category_name">쌀/잡곡</span></div></div></a></li><li class="list-item"><a href="best@categoryCode=100001008.html"><div class="img_sec"><img data-src="https://image.gmarket.co.kr/hanbando/202209/eb8b0652-724b-465a-800a-49436a3f5435.jpg" class="swiper-lazy" alt=""/></div><div class="box__category-name"><div class="box__category-name-inner"><span class="category_name">채소/두부</span></div></div></a></li><li class="list-item"><a href="best@categoryCode=100001010.html"><div class="img_sec"><img data-src="https://image.gmarket.co.kr/hanbando/202207/9ac23369-57e8-4299-889a-4f5360cd3c28.jpg" class="swiper-lazy" alt=""/></div><div class="box__category-name"><div class="box__category-name-inner"><span class="category_name">라면/즉석식품</span></div></div></a></li><li class="list-item"><a href="best@categoryCode=100001032.html"><div class="img_sec"><img data-src="https://image.gmarket.co.kr/hanbando/202207/a28bdf02-b436-4466-88de-d8f11ca54296.jpg" class="swiper-lazy" alt=""/></div><div class="box__category-name"><div class="box__category-name-inner"><span class="category_name">생수/음료</span></div></div></a></li><li class="list-item"><a href="best@categoryCode=100001033.html"><div class="img_sec"><img data-src="https://image.gmarket.co.kr/hanbando/202207/fd43d2b2-4f77-4e2c-b5da-58d24b91d95b.jpg" class="swiper-lazy" alt=""/></div><div class="box__category-name"><div class="box__category-name-inner"><span class="category_name">과자/아이스크림</span></div></div></a></li><li class="list-item"><a href="best@categoryCode=100001034.html"><div class="img_sec"><img data-src="https://image.gmarket.co.kr/hanbando/202207/f5f1f7ed-e6a5-4ecd-ac66-aa87756158c2.jpg" class="swiper-lazy" alt=""/></div><div class="box__category-name"><div class="box__category-name-inner"><span class="category_name">우유/유제품</span></div></div></a></li><li class="list-item"><a href="best@categoryCode=100001035.html"><div class="img_sec"><img data-src="https://image.gmarket.co.kr/hanbando/202207/089a0e40-92de-4a0e-a8cb-2a18f78c5691.jpg" class="swiper-lazy" alt=""/></div><div class="box__category-name"><div class="box__category-name-inner"><span class="category_name">장류/양념</span></div></div></a></li><li class="list-item"><a href="best@categoryCode=100001036.html"><div class="img_sec"><img data-src="https://image.gmarket.co.kr/hanbando/202207/a5b62bcd-46b5-4059-bb1b-e01878b77ef4.jpg" class="swiper-lazy" alt=""/></div><div class="box__category-name"><div class="box__category-name-inner"><span class="category_name">화장지/위생</span></div></div></a></li><li class="list-item"><a href="best@categoryCode=100001037.html"><div class="img_sec"><img data-src="https://image.gmarket.co.kr/hanbando/202207/c5b6a09a-4955-4829-94d6-c62f818f2f34.jpg" class="swiper-lazy" alt=""/></div><div class="box__category-name"><div class="box__category-name-inner"><span class="category_name">커피/차</span></div></div></a></li><li class="list-item"><a href="best@categoryCode=100001038.html"><div class="img_sec"><img data-src="https://image.gmarket.co.kr/hanbando/202207/23143aa7-715d-4778-8b1e-ab87422a8d3a.jpg" class="swiper-lazy" alt=""/></div><div class="box__category-name"><div class="box__category-name-inner"><span class="category_name">수산물</span></div></div></a></li></ul></div><div class="swiper-slide"><ul class="category_slide" aria-label="스마일프레시 베스트 메뉴"><li class="list-item"><a href="best@categoryCode=100001039.html"><div class="img_sec"><img data-src="https://image.gmarket.co.kr/hanbando/202207/85d41348-f077-4b90-b0ff-3599d16216b2.jpg" class="swiper-lazy" alt=""/></div><div class="box__category-name"><div class="box__category-name-inner"><span class="category_name">밀키트/반찬</span></div></div></a></li><li class="list-item"><a href="best@categoryCode=100002000.html"><div class="img_sec"><img data-src="https://image.gmarket.co.kr/hanbando/202208/ea1ecb73-6a2c-45f7-8a89-2e130b634a99.jpg" class="swiper-lazy" alt=""/></div><div class="box__category-name"><div class="box__category-name-inner"><span class="category_name">베이커리/잼</span></div></div></a></li><li class="list-item"><a href="best@categoryCode=100002001.html"><div class="img_sec"><img data-src="https://image.gmarket.co.kr/hanbando/202208/7088de74-301b-48ef-911c-f33ed6a22f9b.jpg" class="swiper-lazy" alt=""/></div><div class="box__category-name"><div class="box__category-name-inner"><span class="category_name">건강식품</span></div></div></a></li><li class="list-item"><a href="best@categoryCode=100002002.html"><div class="img_sec"><img data-src="https://image.gmarket.co.kr/hanbando/202208/39888525-4f61-453f-865c-83b6ca536b58.jpg" class="swiper-lazy" alt=""/></div><div class="box__category-name"><div class="box__category-name-inner"><span class="category_name">세탁/청소/욕실용품</span></div></div></a></li><li class="list-item"><a href="best@categoryCode=100002003.html"><div class="img_sec"><img data-src="https://image.gmarket.co.kr/hanbando/202208/a9484e1d-492e-4ab4-84db-1a387177dcbf.jpg" class="swiper-lazy" alt=""/></div><div class="box__category-name"><div class="box__category-name-inner"><span class="category_name">리빙</span></div></div></a></li><li class="list-item"><a href="best@categoryCode=100002004.html"><div class="img_sec"><img data-src="https://image.gmarket.co.kr/hanbando/202208/e0d7614a-763e-4d90-b696-b20c76e890ca.jpg" class="swiper-lazy" alt=""/></div><div class="box__category-name"><div class="box__category-name-inner"><span class="category_name">주방/일회용품</span></div></div></a></li><li class="list-item"><a href="best@categoryCode=100002005.html"><div class="img_sec"><img data-src="https://image.gmarket.co.kr/hanbando/202208/231a3b36-5d05-467d-a33a-8651b9cf19c6.jpg" class="swiper-lazy" alt=""/></div><div class="box__category-name"><div class="box__category-name-inner"><span class="category_name">생활잡화/공구</span></div></div></a></li><li class="list-item"><a href="best@categoryCode=100002006.html"><div class="img_sec"><img data-src="https://image.gmarket.co.kr/hanbando/202208/692a0b18-2063-4f86-a0af-3f7bbee09696.jpg" class="swiper-lazy" alt=""/></div><div class="box__category-name"><div class="box__category-name-inner"><span class="category_name">반려동물</span></div></div></a></li><li class="list-item"><a href="best@categoryCode=100002007.html"><div class="img_sec"><img data-src="https://image.gmarket.co.kr/hanbando/202208/ba755a2e-4a11-472c-92f0-6b82f671b1f8.jpg" class="swiper-lazy" alt=""/></div><div class="box__category-name"><div class="box__category-name-inner"><span class="category_name">뷰티</span></div></div></a></li><li class="list-item"><a href="best@categoryCode=100002008.html"><div class="img_sec"><img data-src="https://image.gmarket.co.kr/hanbando/202208/fd6fb0fe-4f81-48ea-bec2-5cc37db6fa18.jpg" class="swiper-lazy" alt=""/></div><div class="box__category-name"><div class="box__category-name-inner"><span class="category_name">유아동/출산/완구</span></div></div></a></li><li class="list-item"><a href="best@categoryCode=100002009.html"><div class="img_sec"><img data-src="https://image.gmarket.co.kr/hanbando/202208/315ccf35-b333-4017-b664-ccb1ba966ef0.jpg" class="swiper-lazy" alt=""/></div><div class="box__category-name"><div class="box__category-name-inner"><span class="category_name">패션/언더웨어</span></div></div></a></li><li class="list-item"><a href="best@categoryCode=100002010.html"><div class="img_sec"><img data-src="https://image.gmarket.co.kr/hanbando/202208/30fc0d1d-ea15-4e02-8f50-f144d06423ca.jpg" class="swiper-lazy" alt=""/></div><div class="box__category-name"><div class="box__category-name-inner"><span class="category_name">잡화/슈즈/명품</span></div></div></a></li></ul></div><div class="swiper-slide"><ul class="category_slide" aria-label="스마일프레시 베스트 메뉴"><li class="list-item"><a href="best@categoryCode=100002011.html"><div class="img_sec"><img data-src="https://image.gmarket.co.kr/hanbando/202208/fa99b668-5f13-496e-a62d-dce329ead7cc.jpg" class="swiper-lazy" alt=""/></div><div class="box__category-name"><div class="box__category-name-inner"><span class="category_name">스포츠/레저/자동차</span></div></div></a></li><li class="list-item"><a href="best@categoryCode=100002012.html"><div class="img_sec"><img data-src="https://image.gmarket.co.kr/hanbando/202208/f38a6d26-1cc0-4b33-bf23-f933c2190252.jpg" class="swiper-lazy" alt=""/></div><div class="box__category-name"><div class="box__category-name-inner"><span class="category_name">디지털/가전</span></div></div></a></li><li class="list-item"><a href="best@categoryCode=100002013.html"><div class="img_sec"><img data-src="https://image.gmarket.co.kr/hanbando/202208/edd14751-f54a-48ff-ae9a-15a33b10c06c.jpg" class="swiper-lazy" alt=""/></div><div class="box__category-name"><div class="box__category-name-inner"><span class="category_name">문구/취미/도서</span></div></div></a></li><li class="list-item"><a href="best.html"><div class="img_sec"><img data-src="//pics.gmarket.co.kr/pc/single/kr/smilefresh/image__category-all.png" class="swiper-lazy" alt=""/></div><div class="box__category-name"><div class="box__category-name-inner"><span class="category_name">전체</span></div></div></a></li><li class="list-item"><a href="best@categoryCode=100000000.html"><div class="img_sec"><img data-src="https://image.gmarket.co.kr/hanbando/202209/2f7e5c38-9606-4f1a-912e-f969e22f430f.jpg" class="swiper-lazy" alt=""/></div><div class="box__category-name"><div class="box__category-name-inner"><span class="category_name">정육/계란</span></div></div></a></li><li class="list-item"><a href="best@categoryCode=100001005.html"><div class="img_sec"><img data-src="https://image.gmarket.co.kr/hanbando/202207/efc9fa9b-b4d8-4eb4-b44d-dc8a47a8c00a.jpg" class="swiper-lazy" alt=""/></div><div class="box__category-name"><div class="box__category-name-inner"><span class="category_name">과일</span></div></div></a></li><li class="list-item"><a href="best@categoryCode=100001006.html"><div class="img_sec"><img data-src="https://image.gmarket.co.kr/hanbando/202207/287cdcc7-47f4-4949-8cdf-2bfb4ff5522e.jpg" class="swiper-lazy" alt=""/></div><div class="box__category-name"><div class="box__category-name-inner"><span class="category_name">냉동/간편식</span></div></div></a></li><li class="list-item list-item--active"><a aria-current="page" href="best@categoryCode=100001007.html"><div class="img_sec"><img data-src="https://image.gmarket.co.kr/hanbando/202207/92c7e264-61a8-4e11-ab2b-d3ad8a7b3ab6.jpg" class="swiper-lazy" alt=""/></div><div class="box__category-name"><div class="box__category-name-inner"><span class="category_name">쌀/잡곡</span></div></div></a></li><li class="list-item"><a href="best@categoryCode=100001008.html"><div class="img_sec"><img data-src="https://image.gmarket.co.kr/hanbando/202209/eb8b0652-724b-465a-800a-49436a3f5435.jpg" class="swiper-lazy" alt=""/></div><div class="box__category-name"><div class="box__category-name-inner"><span class="category_name">채소/두부</span></div></div></a></li><li class="list-item"><a href="best@categoryCode=100001010.html"><div class="img_sec"><img data-src="https://image.gmarket.co.kr/hanbando/202207/9ac23369-57e8-4299-889a-4f5360cd3c28.jpg" class="swiper-lazy" alt=""/></div><div class="box__category-name"><div class="box__category-name-inner"><span class="category_name">라면/즉석식품</span></div></div></a></li><li class="list-item"><a href="best@categoryCode=100001032.html"><div class="img_sec"><img data-src="https://image.gmarket.co.kr/hanbando/202207/a28bdf02-b436-4466-88de-d8f11ca54296.jpg" class="swiper-lazy" alt=""/></div><div class="box__category-name"><div class="box__category-name-inner"><span class="category_name">생수/음료</span></div></div></a></li><li class="list-item"><a href="best@categoryCode=100001033.html"><div class="img_sec"><img data-src="https://image.gmarket.co.kr/hanbando/202207/fd43d2b2-4f77-4e2c-b5da-58d24b91d95b.jpg" class="swiper-lazy" alt=""/></div><div class="box__category-name"><div class="box__category-name-inner"><span class="category_name">과자/아이스크림</span></div></div></a></li></ul></div><div class="swiper-slide"><ul class="category_slide" aria-label="스마일프레시 베스트 메뉴"><li class="list-item"><a href="best@categoryCode=100001034.html"><div class="img_sec"><img data-src="https://image.gmarket.co.kr/hanbando/202207/f5f1f7ed-e6a5-4ecd-ac66-aa87756158c2.jpg" class="swiper-lazy" alt=""/></div><div class="box__category-name"><div class="box__category-name-inner"><span class="category_name">우유/유제품</span></div></div></a></li><li class="list-item"><a href="best@categoryCode=100001035.html"><div class="img_sec"><img data-src="https://image.gmarket.co.kr/hanbando/202207/089a0e40-92de-4a0e-a8cb-2a18f78c5691.jpg" class="swiper-lazy" alt=""/></div><div class="box__category-name"><div class="box__category-name-inner"><span class="category_name">장류/양념</span></div></div></a></li><li class="list-item"><a href="best@categoryCode=100001036.html"><div class="img_sec"><img data-src="https://image.gmarket.co.kr/hanbando/202207/a5b62bcd-46b5-4059-bb1b-e01878b77ef4.jpg" class="swiper-lazy" alt=""/></div><div class="box__category-name"><div class="box__category-name-inner"><span class="category_name">화장지/위생</span></div></div></a></li><li class="list-item"><a href="best@categoryCode=100001037.html"><div class="img_sec"><img data-src="https://image.gmarket.co.kr/hanbando/202207/c5b6a09a-4955-4829-94d6-c62f818f2f34.jpg" class="swiper-lazy" alt=""/></div><div class="box__category-name"><div class="box__category-name-inner"><span class="category_name">커피/차</span></div></div></a></li><li class="list-item"><a href="best@categoryCode=100001038.html"><div class="img_sec"><img data-src="https://image.gmarket.co.kr/hanbando/202207/23143aa7-715d-4778-8b1e-ab87422a8d3a.jpg" class="swiper-lazy" alt=""/></div><div class="box__category-name"><div class="box__category-name-inner"><span class="category_name">수산물</span></div></div></a></li><li class="list-item"><a href="best@categoryCode=100001039.html"><div class="img_sec"><img data-src="https://image.gmarket.co.kr/hanbando/202207/85d41348-f077-4b90-b0ff-3599d16216b2.jpg" class="swiper-lazy" alt=""/></div><div class="box__category-name"><div class="box__category-name-inner"><span class="category_name">밀키트/반찬</span></div></div></a></li><li class="list-item"><a href="best@categoryCode=100002000.html"><div class="img_sec"><img data-src="https://image.gmarket.co.kr/hanbando/202208/ea1ecb73-6a2c-45f7-8a89-2e130b634a99.jpg" class="swiper-lazy" alt=""/></div><div class="box__category-name"><div class="box__category-name-inner"><span class="category_name">베이커리/잼</span></div></div></a></li><li class="list-item"><a href="best@categoryCode=100002001.html"><div class="img_sec"><img data-src="https://image.gmarket.co.kr/hanbando/202208/7088de74-301b-48ef-911c-f33ed6a22f9b.jpg" class="swiper-lazy" alt=""/></div><div class="box__category-name"><div class="box__category-name-inner"><span class="category_name">건강식품</span></div></div></a></li><li class="list-item"><a href="best@categoryCode=100002002.html"><div class="img_sec"><img data-src="https://image.gmarket.co.kr/hanbando/202208/39888525-4f61-453f-865c-83b6ca536b58.jpg" class="swiper-lazy" alt=""/></div><div class="box__category-name"><div class="box__category-name-inner"><span class="category_name">세탁/청소/욕실용품</span></div></div></a></li><li class="list-item"><a href="best@categoryCode=100002003.html"><div class="img_sec"><img data-src="https://image.gmarket.co.kr/hanbando/202208/a9484e1d-492e-4ab4-84db-1a387177dcbf.jpg" class="swiper-lazy" alt=""/></div><div class="box__category-name"><div class="box__category-name-inner"><span class="category_name">리빙</span></div></div></a></li><li class="list-item"><a href="best@categoryCode=100002004.html"><div class="img_sec"><img data-src="https://image.gmarket.co.kr/hanbando/202208/e0d7614a-763e-4d90-b696-b20c76e890ca.jpg" class="swiper-lazy" alt=""/></div><div class="box__category-name"><div class="box__category-name-inner"><span class="category_name">주방/일회용품</span></div></div></a></li><li class="list-item"><a href="best@categoryCode=100002005.html"><div class="img_sec"><img data-src="https://image.gmarket.co.kr/hanbando/202208/231a3b36-5d05-467d-a33a-8651b9cf19c6.jpg" class="swiper-lazy" alt=""/></div><div class="box__category-name"><div class="box__category-name-inner"><span class="category_name">생활잡화/공구</span></div></div></a></li></ul></div><div class="swiper-slide"><ul class="category_slide" aria-label="스마일프레시 베스트 메뉴"><li class="list-item"><a href="best@categoryCode=100002006.html"><div class="img_sec"><img data-src="https://image.gmarket.co.kr/hanbando/202208/692a0b18-2063-4f86-a0af-3f7bbee09696.jpg" class="swiper-lazy" alt=""/></div><div class="box__category-name"><div class="box__category-name-inner"><span class="category_name">반려동물</span></div></div></a></li><li class="list-item"><a href="best@categoryCode=100002007.html"><div class="img_sec"><img data-src="https://image.gmarket.co.kr/hanbando/202208/ba755a2e-4a11-472c-92f0-6b82f671b1f8.jpg" class="swiper-lazy" alt=""/></div><div class="box__category-name"><div class="box__category-name-inner"><span class="category_name">뷰티</span></div></div></a></li><li class="list-item"><a href="best@categoryCode=100002008.html"><div class="img_sec"><img data-src="https://image.gmarket.co.kr/hanbando/202208/fd6fb0fe-4f81-48ea-bec2-5cc37db6fa18.jpg" class="swiper-lazy" alt=""/></div><div class="box__category-name"><div class="box__category-name-inner"><span class="category_name">유아동/출산/완구</span></div></div></a></li><li class="list-item"><a href="best@categoryCode=100002009.html"><div class="img_sec"><img data-src="https://image.gmarket.co.kr/hanbando/202208/315ccf35-b333-4017-b664-ccb1ba966ef0.jpg" class="swiper-lazy" alt=""/></div><div class="box__category-name"><div class="box__category-name-inner"><span class="category_name">패션/언더웨어</span></div></div></a></li><li class="list-item"><a href="best@categoryCode=100002010.html"><div class="img_sec"><img data-src="https://image.gmarket.co.kr/hanbando/202208/30fc0d1d-ea15-4e02-8f50-f144d06423ca.jpg" class="swiper-lazy" alt=""/></div><div class="box__category-name"><div class="box__category-name-inner"><span class="category_name">잡화/슈즈/명품</span></div></div></a></li><li class="list-item"><a href="best@categoryCode=100002011.html"><div class="img_sec"><img data-src="https://image.gmarket.co.kr/hanbando/202208/fa99b668-5f13-496e-a62d-dce329ead7cc.jpg" class="swiper-lazy" alt=""/></div><div class="box__category-name"><div class="box__category-name-inner"><span class="category_name">스포츠/레저/자동차</span></div></div></a></li><li class="list-item"><a href="best@categoryCode=100002012.html"><div class="img_sec"><img data-src="https://image.gmarket.co.kr/hanbando/202208/f38a6d26-1cc0-4b33-bf23-f933c2190252.jpg" class="swiper-lazy" alt=""/></div><div class="box__category-name"><div class="box__category-name-inner"><span class="category_name">디지털/가전</span></div></div></a></li><li class="list-item"><a href="best@categoryCode=100002013.html"><div class="img_sec"><img data-src="https://image.gmarket.co.kr/hanbando/202208/edd14751-f54a-48ff-ae9a-15a33b10c06c.jpg" class="swiper-lazy" alt=""/></div><div class="box__category-name"><div class="box__category-name-inner"><span class="category_name">문구/취미/도서</span></div></div></a></li><li class="list-item"><a href="best.html"><div class="img_sec"><img data-src="//pics.gmarket.co.kr/pc/single/kr/smilefresh/image__category-all.png" class="swiper-lazy" alt=""/></div><div class="box__category-name"><div class="box__category-name-inner"><span class="category_name">전체</span></div></div></a></li><li class="list-item"><a href="best@categoryCode=100000000.html"><div class="img_sec"><img data-src="https://image.gmarket.co.kr/hanbando/202209/2f7e5c38-9606-4f1a-912e-f969e22f430f.jpg" class="swiper-lazy" alt=""/></div><div class="box__category-name"><div class="box__category-name-inner"><span class="category_name">정육/계란</span></div></div></a></li><li class="list-item"><a href="best@categoryCode=100001005.html"><div class="img_sec"><img data-src="https://image.gmarket.co.kr/hanbando/202207/efc9fa9b-b4d8-4eb4-b44d-dc8a47a8c00a.jpg" class="swiper-lazy" alt=""/></div><div class="box__category-name"><div class="box__category-name-inner"><span class="category_name">과일</span></div></div></a></li><li class="list-item"><a href="best@categoryCode=100001006.html"><div class="img_sec"><img data-src="https://image.gmarket.co.kr/hanbando/202207/287cdcc7-47f4-4949-8cdf-2bfb4ff5522e.jpg" class="swiper-lazy" alt=""/></div><div class="box__category-name"><div class="box__category-name-inner"><span class="category_name">냉동/간편식</span></div></div></a></li></ul></div><div class="swiper-slide"><ul class="category_slide" aria-label="스마일프레시 베스트 메뉴"><li class="list-item list-item--active"><a aria-current="page" href="best@categoryCode=100001007.html"><div class="img_sec"><img data-src="https://image.gmarket.co.kr/hanbando/202207/92c7e264-61a8-4e11-ab2b-d3ad8a7b3ab6.jpg" class="swiper-lazy" alt=""/></div><div class="box__category-name"><div class="box__category-name-inner"><span class="category_name">쌀/잡곡</span></div></div></a></li><li class="list-item"><a href="best@categoryCode=100001008.html"><div class="img_sec"><img data-src="https://image.gmarket.co.kr/hanbando/202209/eb8b0652-724b-465a-800a-49436a3f5435.jpg" class="swiper-lazy" alt=""/></div><div class="box__category-name"><div class="box__category-name-inner"><span class="category_name">채소/두부</span></div></div></a></li><li class="list-item"><a href="best@categoryCode=100001010.html"><div class="img_sec"><img data-src="https://image.gmarket.co.kr/hanbando/202207/9ac23369-57e8-4299-889a-4f5360cd3c28.jpg" class="swiper-lazy" alt=""/></div><div class="box__category-name"><div class="box__category-name-inner"><span class="category_name">라면/즉석식품</span></div></div></a></li><li class="list-item"><a href="best@categoryCode=100001032.html"><div class="img_sec"><img data-src="https://image.gmarket.co.kr/hanbando/202207/a28bdf02-b436-4466-88de-d8f11ca54296.jpg" class="swiper-lazy" alt=""/></div><div class="box__category-name"><div class="box__category-name-inner"><span class="category_name">생수/음료</span></div></div></a></li><li class="list-item"><a href="best@categoryCode=100001033.html"><div class="img_sec"><img data-src="https://image.gmarket.co.kr/hanbando/202207/fd43d2b2-4f77-4e2c-b5da-58d24b91d95b.jpg" class="swiper-lazy" alt=""/></div><div class="box__category-name"><div class="box__category-name-inner"><span class="category_name">과자/아이스크림</span></div></div></a></li><li class="list-item"><a href="best@categoryCode=100001034.html"><div class="img_sec"><img data-src="https://image.gmarket.co.kr/hanbando/202207/f5f1f7ed-e6a5-4ecd-ac66-aa87756158c2.jpg" class="swiper-lazy" alt=""/></div><div class="box__category-name"><div class="box__category-name-inner"><span class="category_name">우유/유제품</span></div></div></a></li><li class="list-item"><a href="best@categoryCode=100001035.html"><div class="img_sec"><img data-src="https://image.gmarket.co.kr/hanbando/202207/089a0e40-92de-4a0e-a8cb-2a18f78c5691.jpg" class="swiper-lazy" alt=""/></div><div class="box__category-name"><div class="box__category-name-inner"><span class="category_name">장류/양념</span></div></div></a></li><li class="list-item"><a href="best@categoryCode=100001036.html"><div class="img_sec"><img data-src="https://image.gmarket.co.kr/hanbando/202207/a5b62bcd-46b5-4059-bb1b-e01878b77ef4.jpg" class="swiper-lazy" alt=""/></div><div class="box__category-name"><div class="box__category-name-inner"><span class="category_name">화장지/위생</span></div></div></a></li><li class="list-item"><a href="best@categoryCode=100001037.html"><div class="img_sec"><img data-src="https://image.gmarket.co.kr/hanbando/202207/c5b6a09a-4955-4829-94d6-c62f818f2f34.jpg" class="swiper-lazy" alt=""/></div><div class="box__category-name"><div class="box__category-name-inner"><span class="category_name">커피/차</span></div></div></a></li><li class="list-item"><a href="best@categoryCode=100001038.html"><div class="img_sec"><img data-src="https://image.gmarket.co.kr/hanbando/202207/23143aa7-715d-4778-8b1e-ab87422a8d3a.jpg" class="swiper-lazy" alt=""/></div><div class="box__category-name"><div class="box__category-name-inner"><span class="category_name">수산물</span></div></div></a></li><li class="list-item"><a href="best@categoryCode=100001039.html"><div class="img_sec"><img data-src="https://image.gmarket.co.kr/hanbando/202207/85d41348-f077-4b90-b0ff-3599d16216b2.jpg" class="swiper-lazy" alt=""/></div><div class="box__category-name"><div class="box__category-name-inner"><span class="category_name">밀키트/반찬</span></div></div></a></li><li class="list-item"><a href="best@categoryCode=100002000.html"><div class="img_sec"><img data-src="https://image.gmarket.co.kr/hanbando/202208/ea1ecb73-6a2c-45f7-8a89-2e130b634a99.jpg" class="swiper-lazy" alt=""/></div><div class="box__category-name"><div class="box__category-name-inner"><span class="category_name">베이커리/잼</span></div></div></a></li></ul></div><div class="swiper-slide"><ul class="category_slide" aria-label="스마일프레시 베스트 메뉴"><li class="list-item"><a href="best@categoryCode=100002001.html"><div class="img_sec"><img data-src="https://image.gmarket.co.kr/hanbando/202208/7088de74-301b-48ef-911c-f33ed6a22f9b.jpg" class="swiper-lazy" alt=""/></div><div class="box__category-name"><div class="box__category-name-inner"><span class="category_name">건강식품</span></div></div></a></li><li class="list-item"><a href="best@categoryCode=100002002.html"><div class="img_sec"><img data-src="https://image.gmarket.co.kr/hanbando/202208/39888525-4f61-453f-865c-83b6ca536b58.jpg" class="swiper-lazy" alt=""/></div><div class="box__category-name"><div class="box__category-name-inner"><span class="category_name">세탁/청소/욕실용품</span></div></div></a></li><li class="list-item"><a href="best@categoryCode=100002003.html"><div class="img_sec"><img data-src="https://image.gmarket.co.kr/hanbando/202208/a9484e1d-492e-4ab4-84db-1a387177dcbf.jpg" class="swiper-lazy" alt=""/></div><div class="box__category-name"><div class="box__category-name-inner"><span class="category_name">리빙</span></div></div></a></li><li class="list-item"><a href="best@categoryCode=100002004.html"><div class="img_sec"><img data-src="https://image.gmarket.co.kr/hanbando/202208/e0d7614a-763e-4d90-b696-b20c76e890ca.jpg" class="swiper-lazy" alt=""/></div><div class="box__category-name"><div class="box__category-name-inner"><span class="category_name">주방/일회용품</span></div></div></a></li><li class="list-item"><a href="best@categoryCode=100002005.html"><div class="img_sec"><img data-src="https://image.gmarket.co.kr/hanbando/202208/231a3b36-5d05-467d-a33a-8651b9cf19c6.jpg" class="swiper-lazy" alt=""/></div><div class="box__category-name"><div class="box__category-name-inner"><span class="category_name">생활잡화/공구</span></div></div></a></li><li class="list-item"><a href="best@categoryCode=100002006.html"><div class="img_sec"><img data-src="https://image.gmarket.co.kr/hanbando/202208/692a0b18-2063-4f86-a0af-3f7bbee09696.jpg" class="swiper-lazy" alt=""/></div><div class="box__category-name"><div class="box__category-name-inner"><span class="category_name">반려동물</span></div></div></a></li><li class="list-item"><a href="best@categoryCode=100002007.html"><div class="img_sec"><img data-src="https://image.gmarket.co.kr/hanbando/202208/ba755a2e-4a11-472c-92f0-6b82f671b1f8.jpg" class="swiper-lazy" alt=""/></div><div class="box__category-name"><div class="box__category-name-inner"><span class="category_name">뷰티</span></div></div></a></li><li class="list-item"><a href="best@categoryCode=100002008.html"><div class="img_sec"><img data-src="https://image.gmarket.co.kr/hanbando/202208/fd6fb0fe-4f81-48ea-bec2-5cc37db6fa18.jpg" class="swiper-lazy" alt=""/></div><div class="box__category-name"><div class="box__category-name-inner"><span class="category_name">유아동/출산/완구</span></div></div></a></li><li class="list-item"><a href="best@categoryCode=100002009.html"><div class="img_sec"><img data-src="https://image.gmarket.co.kr/hanbando/202208/315ccf35-b333-4017-b664-ccb1ba966ef0.jpg" class="swiper-lazy" alt=""/></div><div class="box__category-name"><div class="box__category-name-inner"><span class="category_name">패션/언더웨어</span></div></div></a></li><li class="list-item"><a href="best@categoryCode=100002010.html"><div class="img_sec"><img data-src="https://image.gmarket.co.kr/hanbando/202208/30fc0d1d-ea15-4e02-8f50-f144d06423ca.jpg" class="swiper-lazy" alt=""/></div><div class="box__category-name"><div class="box__category-name-inner"><span class="category_name">잡화/슈즈/명품</span></div></div></a></li><li class="list-item"><a href="best@categoryCode=100002011.html"><div class="img_sec"><img data-src="https://image.gmarket.co.kr/hanbando/202208/fa99b668-5f13-496e-a62d-dce329ead7cc.jpg" class="swiper-lazy" alt=""/></div><div class="box__category-name"><div class="box__category-name-inner"><span class="category_name">스포츠/레저/자동차</span></div></div></a></li><li class="list-item"><a href="best@categoryCode=100002012.html"><div class="img_sec"><img data-src="https://image.gmarket.co.kr/hanbando/202208/f38a6d26-1cc0-4b33-bf23-f933c2190252.jpg" class="swiper-lazy" alt=""/></div><div class="box__category-name"><div class="box__category-name-inner"><span class="category_name">디지털/가전</span></div></div></a></li></ul></div><div class="swiper-slide"><ul class="category_slide" aria-label="스마일프레시 베스트 메뉴"><li class="list-item"><a href="best@categoryCode=100002013.html"><div class="img_sec"><img data-src="https://image.gmarket.co.kr/hanbando/202208/edd14751-f54a-48ff-ae9a-15a33b10c06c.jpg" class="swiper-lazy" alt=""/></div><div class="box__category-name"><div class="box__category-name-inner"><span class="category_name">문구/취미/도서</span></div></div></a></li><li class="list-item"><a href="best.html"><div class="img_sec"><img data-src="//pics.gmarket.co.kr/pc/single/kr/smilefresh/image__category-all.png" class="swiper-lazy" alt=""/></div><div class="box__category-name"><div class="box__category-name-inner"><span class="category_name">전체</span></div></div></a></li><li class="list-item"><a href="best@categoryCode=100000000.html"><div class="img_sec"><img data-src="https://image.gmarket.co.kr/hanbando/202209/2f7e5c38-9606-4f1a-912e-f969e22f430f.jpg" class="swiper-lazy" alt=""/></div><div class="box__category-name"><div class="box__category-name-inner"><span class="category_name">정육/계란</span></div></div></a></li><li class="list-item"><a href="best@categoryCode=100001005.html"><div class="img_sec"><img data-src="https://image.gmarket.co.kr/hanbando/202207/efc9fa9b-b4d8-4eb4-b44d-dc8a47a8c00a.jpg" class="swiper-lazy" alt=""/></div><div class="box__category-name"><div class="box__category-name-inner"><span class="category_name">과일</span></div></div></a></li><li class="list-item"><a href="best@categoryCode=100001006.html"><div class="img_sec"><img data-src="https://image.gmarket.co.kr/hanbando/202207/287cdcc7-47f4-4949-8cdf-2bfb4ff5522e.jpg" class="swiper-lazy" alt=""/></div><div class="box__category-name"><div class="box__category-name-inner"><span class="category_name">냉동/간편식</span></div></div></a></li><li class="list-item list-item--active"><a aria-current="page" href="best@categoryCode=100001007.html"><div class="img_sec"><img data-src="https://image.gmarket.co.kr/hanbando/202207/92c7e264-61a8-4e11-ab2b-d3ad8a7b3ab6.jpg" class="swiper-lazy" alt=""/></div><div class="box__category-name"><div class="box__category-name-inner"><span class="category_name">쌀/잡곡</span></div></div></a></li><li class="list-item"><a href="best@categoryCode=100001008.html"><div class="img_sec"><img data-src="https://image.gmarket.co.kr/hanbando/202209/eb8b0652-724b-465a-800a-49436a3f5435.jpg" class="swiper-lazy" alt=""/></div><div class="box__category-name"><div class="box__category-name-inner"><span class="category_name">채소/두부</span></div></div></a></li><li class="list-item"><a href="best@categoryCode=100001010.html"><div class="img_sec"><img data-src="https://image.gmarket.co.kr/hanbando/202207/9ac23369-57e8-4299-889a-4f5360cd3c28.jpg" class="swiper-lazy" alt=""/></div><div class="box__category-name"><div class="box__category-name-inner"><span class="category_name">라면/즉석식품</span></div></div></a></li><li class="list-item"><a href="best@categoryCode=100001032.html"><div class="img_sec"><img data-src="https://image.gmarket.co.kr/hanbando/202207/a28bdf02-b436-4466-88de-d8f11ca54296.jpg" class="swiper-lazy" alt=""/></div><div class="box__category-name"><div class="box__category-name-inner"><span class="category_name">생수/음료</span></div></div></a></li><li class="list-item"><a href="best@categoryCode=100001033.html"><div class="img_sec"><img data-src="https://image.gmarket.co.kr/hanbando/202207/fd43d2b2-4f77-4e2c-b5da-58d24b91d95b.jpg" class="swiper-lazy" alt=""/></div><div class="box__category-name"><div class="box__category-name-inner"><span class="category_name">과자/아이스크림</span></div></div></a></li><li class="list-item"><a href="best@categoryCode=100001034.html"><div class="img_sec"><img data-src="https://image.gmarket.co.kr/hanbando/202207/f5f1f7ed-e6a5-4ecd-ac66-aa87756158c2.jpg" class="swiper-lazy" alt=""/></div><div class="box__category-name"><div class="box__category-name-inner"><span class="category_name">우유/유제품</span></div></div></a></li><li class="list-item"><a href="best@categoryCode=100001035.html"><div class="img_sec"><img data-src="https://image.gmarket.co.kr/hanbando/202207/089a0e40-92de-4a0e-a8cb-2a18f78c5691.jpg" class="swiper-lazy" alt=""/></div><div class="box__category-name"><div class="box__category-name-inner"><span class="category_name">장류/양념</span></div></div></a></li></ul></div><div class="swiper-slide"><ul class="category_slide" aria-label="스마일프레시 베스트 메뉴"><li class="list-item"><a href="best@categoryCode=100001036.html"><div class="img_sec"><img data-src="https://image.gmarket.co.kr/hanbando/202207/a5b62bcd-46b5-4059-bb1b-e01878b77ef4.jpg" class="swiper-lazy" alt=""/></div><div class="box__category-name"><div class="box__category-name-inner"><span class="category_name">화장지/위생</span></div></div></a></li><li class="list-item"><a href="best@categoryCode=100001037.html"><div class="img_sec"><img data-src="https://image.gmarket.co.kr/hanbando/202207/c5b6a09a-4955-4829-94d6-c62f818f2f34.jpg" class="swiper-lazy" alt=""/></div><div class="box__category-name"><div class="box__category-name-inner"><span class="category_name">커피/차</span></div></div></a></li><li class="list-item"><a href="best@categoryCode=100001038.html"><div class="img_sec"><img data-src="https://image.gmarket.co.kr/hanbando/202207/23143aa7-715d-4778-8b1e-ab87422a8d3a.jpg" class="swiper-lazy" alt=""/></div><div class="box__category-name"><div class="box__category-name-inner"><span class="category_name">수산물</span></div></div></a></li><li class="list-item"><a href="best@categoryCode=100001039.html"><div class="img_sec"><img data-src="https://image.gmarket.co.kr/hanbando/202207/85d41348-f077-4b90-b0ff-3599d16216b2.jpg" class="swiper-lazy" alt=""/></div><div class="box__category-name"><div class="box__category-name-inner"><span class="category_name">밀키트/반찬</span></div></div></a></li><li class="list-item"><a href="best@categoryCode=100002000.html"><div class="img_sec"><img data-src="https://image.gmarket.co.kr/hanbando/202208/ea1ecb73-6a2c-45f7-8a89-2e130b634a99.jpg" class="swiper-lazy" alt=""/></div><div class="box__category-name"><div class="box__category-name-inner"><span class="category_name">베이커리/잼</span></div></div></a></li><li class="list-item"><a href="best@categoryCode=100002001.html"><div class="img_sec"><img data-src="https://image.gmarket.co.kr/hanbando/202208/7088de74-301b-48ef-911c-f33ed6a22f9b.jpg" class="swiper-lazy" alt=""/></div><div class="box__category-name"><div class="box__category-name-inner"><span class="category_name">건강식품</span></div></div></a></li><li class="list-item"><a href="best@categoryCode=100002002.html"><div class="img_sec"><img data-src="https://image.gmarket.co.kr/hanbando/202208/39888525-4f61-453f-865c-83b6ca536b58.jpg" class="swiper-lazy" alt=""/></div><div class="box__category-name"><div class="box__category-name-inner"><span class="category_name">세탁/청소/욕실용품</span></div></div></a></li><li class="list-item"><a href="best@categoryCode=100002003.html"><div class="img_sec"><img data-src="https://image.gmarket.co.kr/hanbando/202208/a9484e1d-492e-4ab4-84db-1a387177dcbf.jpg" class="swiper-lazy" alt=""/></div><div class="box__category-name"><div class="box__category-name-inner"><span class="category_name">리빙</span></div></div></a></li><li class="list-item"><a href="best@categoryCode=100002004.html"><div class="img_sec"><img data-src="https://image.gmarket.co.kr/hanbando/202208/e0d7614a-763e-4d90-b696-b20c76e890ca.jpg" class="swiper-lazy" alt=""/></div><div class="box__category-name"><div class="box__category-name-inner"><span class="category_name">주방/일회용품</span></div></div></a></li><li class="list-item"><a href="best@categoryCode=100002005.html"><div class="img_sec"><img data-src="https://image.gmarket.co.kr/hanbando/202208/231a3b36-5d05-467d-a33a-8651b9cf19c6.jpg" class="swiper-lazy" alt=""/></div><div class="box__category-name"><div class="box__category-name-inner"><span class="category_name">생활잡화/공구</span></div></div></a></li><li class="list-item"><a href="best@categoryCode=100002006.html"><div class="img_sec"><img data-src="https://image.gmarket.co.kr/hanbando/202208/692a0b18-2063-4f86-a0af-3f7bbee09696.jpg" class="swiper-lazy" alt=""/></div><div class="box__category-name"><div class="box__category-name-inner"><span class="category_name">반려동물</span></div></div></a></li><li class="list-item"><a href="best@categoryCode=100002007.html"><div class="img_sec"><img data-src="https://image.gmarket.co.kr/hanbando/202208/ba755a2e-4a11-472c-92f0-6b82f671b1f8.jpg" class="swiper-lazy" alt=""/></div><div class="box__category-name"><div class="box__category-name-inner"><span class="category_name">뷰티</span></div></div></a></li></ul></div><div class="swiper-slide"><ul class="category_slide" aria-label="스마일프레시 베스트 메뉴"><li class="list-item"><a href="best@categoryCode=100002008.html"><div class="img_sec"><img data-src="https://image.gmarket.co.kr/hanbando/202208/fd6fb0fe-4f81-48ea-bec2-5cc37db6fa18.jpg" class="swiper-lazy" alt=""/></div><div class="box__category-name"><div class="box__category-name-inner"><span class="category_name">유아동/출산/완구</span></div></div></a></li><li class="list-item"><a href="best@categoryCode=100002009.html"><div class="img_sec"><img data-src="https://image.gmarket.co.kr/hanbando/202208/315ccf35-b333-4017-b664-ccb1ba966ef0.jpg" class="swiper-lazy" alt=""/></div><div class="box__category-name"><div class="box__category-name-inner"><span class="category_name">패션/언더웨어</span></div></div></a></li><li class="list-item"><a href="best@categoryCode=100002010.html"><div class="img_sec"><img data-src="https://image.gmarket.co.kr/hanbando/202208/30fc0d1d-ea15-4e02-8f50-f144d06423ca.jpg" class="swiper-lazy" alt=""/></div><div class="box__category-name"><div class="box__category-name-inner"><span class="category_name">잡화/슈즈/명품</span></div></div></a></li><li class="list-item"><a href="best@categoryCode=100002011.html"><div class="img_sec"><img data-src="https://image.gmarket.co.kr/hanbando/202208/fa99b668-5f13-496e-a62d-dce329ead7cc.jpg" class="swiper-lazy" alt=""/></div><div class="box__category-name"><div class="box__category-name-inner"><span class="category_name">스포츠/레저/자동차</span></div></div></a></li><li class="list-item"><a href="best@categoryCode=100002012.html"><div class="img_sec"><img data-src="https://image.gmarket.co.kr/hanbando/202208/f38a6d26-1cc0-4b33-bf23-f933c2190252.jpg" class="swiper-lazy" alt=""/></div><div class="box__category-name"><div class="box__category-name-inner"><span class="category_name">디지털/가전</span></div></div></a></li><li class="list-item"><a href="best@categoryCode=100002013.html"><div class="img_sec"><img data-src="https://image.gmarket.co.kr/hanbando/202208/edd14751-f54a-48ff-ae9a-15a33b10c06c.jpg" class="swiper-lazy" alt=""/></div><div class="box__category-name"><div class="box__category-name-inner"><span class="category_name">문구/취미/도서</span></div></div></a></li><li class="list-item"><a href="best.html"><div class="img_sec"><img data-src="//pics.gmarket.co.kr/pc/single/kr/smilefresh/image__category-all.png" class="swiper-lazy" alt=""/></div><div class="box__category-name"><div class="box__category-name-inner"><span class="category_name">전체</span></div></div></a></li><li class="list-item"><a href="best@categoryCode=100000000.html"><div class="img_sec"><img data-src="https://image.gmarket.co.kr/hanbando/202209/2f7e5c38-9606-4f1a-912e-f969e22f430f.jpg" class="swiper-lazy" alt=""/></div><div class="box__category-name"><div class="box__category-name-inner"><span class="category_name">정육/계란</span></div></div></a></li><li class="list-item"><a href="best@categoryCode=100001005.html"><div class="img_sec"><img data-src="https://image.gmarket.co.kr/hanbando/202207/efc9fa9b-b4d8-4eb4-b44d-dc8a47a8c00a.jpg" class="swiper-lazy" alt=""/></div><div class="box__category-name"><div class="box__category-name-inner"><span class="category_name">과일</span></div></div></a></li><li class="list-item"><a href="best@categoryCode=100001006.html"><div class="img_sec"><img data-src="https://image.gmarket.co.kr/hanbando/202207/287cdcc7-47f4-4949-8cdf-2bfb4ff5522e.jpg" class="swiper-lazy" alt=""/></div><div class="box__category-name"><div class="box__category-name-inner"><span class="category_name">냉동/간편식</span></div></div></a></li><li class="list-item list-item--active"><a aria-current="page" href="best@categoryCode=100001007.html"><div class="img_sec"><img data-src="https://image.gmarket.co.kr/hanbando/202207/92c7e264-61a8-4e11-ab2b-d3ad8a7b3ab6.jpg" class="swiper-lazy" alt=""/></div><div class="box__category-name"><div class="box__category-name-inner"><span class="category_name">쌀/잡곡</span></div></div></a></li><li class="list-item"><a href="best@categoryCode=100001008.html"><div class="img_sec"><img data-src="https://image.gmarket.co.kr/hanbando/202209/eb8b0652-724b-465a-800a-49436a3f5435.jpg" class="swiper-lazy" alt=""/></div><div class="box__category-name"><div class="box__category-name-inner"><span class="category_name">채소/두부</span></div></div></a></li></ul></div><div class="swiper-slide"><ul class="category_slide" aria-label="스마일프레시 베스트 메뉴"><li class="list-item"><a href="best@categoryCode=100001010.html"><div class="img_sec"><img data-src="https://image.gmarket.co.kr/hanbando/202207/9ac23369-57e8-4299-889a-4f5360cd3c28.jpg" class="swiper-lazy" alt=""/></div><div class="box__category-name"><div class="box__category-name-inner"><span class="category_name">라면/즉석식품</span></div></div></a></li><li class="list-item"><a href="best@categoryCode=100001032.html"><div class="img_sec"><img data-src="https://image.gmarket.co.kr/hanbando/202207/a28bdf02-b436-4466-88de-d8f11ca54296.jpg" class="swiper-lazy" alt=""/></div><div class="box__category-name"><div class="box__category-name-inner"><span class="category_name">생수/음료</span></div></div></a></li><li class="list-item"><a href="best@categoryCode=100001033.html"><div class="img_sec"><img data-src="https://image.gmarket.co.kr/hanbando/202207/fd43d2b2-4f77-4e2c-b5da-58d24b91d95b.jpg" class="swiper-lazy" alt=""/></div><div class="box__category-name"><div class="box__category-name-inner"><span class="category_name">과자/아이스크림</span></div></div></a></li><li class="list-item"><a href="best@categoryCode=100001034.html"><div class="img_sec"><img data-src="https://image.gmarket.co.kr/hanbando/202207/f5f1f7ed-e6a5-4ecd-ac66-aa87756158c2.jpg" class="swiper-lazy" alt=""/></div><div class="box__category-name"><div class="box__category-name-inner"><span class="category_name">우유/유제품</span></div></div></a></li><li class="list-item"><a href="best@categoryCode=100001035.html"><div class="img_sec"><img data-src="https://image.gmarket.co.kr/hanbando/202207/089a0e40-92de-4a0e-a8cb-2a18f78c5691.jpg" class="swiper-lazy" alt=""/></div><div class="box__category-name"><div class="box__category-name-inner"><span class="category_name">장류/양념</span></div></div></a></li><li class="list-item"><a href="best@categoryCode=100001036.html"><div class="img_sec"><img data-src="https://image.gmarket.co.kr/hanbando/202207/a5b62bcd-46b5-4059-bb1b-e01878b77ef4.jpg" class="swiper-lazy" alt=""/></div><div class="box__category-name"><div class="box__category-name-inner"><span class="category_name">화장지/위생</span></div></div></a></li><li class="list-item"><a href="best@categoryCode=100001037.html"><div class="img_sec"><img data-src="https://image.gmarket.co.kr/hanbando/202207/c5b6a09a-4955-4829-94d6-c62f818f2f34.jpg" class="swiper-lazy" alt=""/></div><div class="box__category-name"><div class="box__category-name-inner"><span class="category_name">커피/차</span></div></div></a></li><li class="list-item"><a href="best@categoryCode=100001038.html"><div class="img_sec"><img data-src="https://image.gmarket.co.kr/hanbando/202207/23143aa7-715d-4778-8b1e-ab87422a8d3a.jpg" class="swiper-lazy" alt=""/></div><div class="box__category-name"><div class="box__category-name-inner"><span class="category_name">수산물</span></div></div></a></li><li class="list-item"><a href="best@categoryCode=100001039.html"><div class="img_sec"><img data-src="https://image.gmarket.co.kr/hanbando/202207/85d41348-f077-4b90-b0ff-3599d16216b2.jpg" class="swiper-lazy" alt=""/></div><div class="box__category-name"><div class="box__category-name-inner"><span class="category_name">밀키트/반찬</span></div></div></a></li><li class="list-item"><a href="best@categoryCode=100002000.html"><div class="img_sec"><img data-src="https://image.gmarket.co.kr/hanbando/202208/ea1ecb73-6a2c-45f7-8a89-2e130b634a99.jpg" class="swiper-lazy" alt=""/></div><div class="box__category-name"><div class="box__category-name-inner"><span class="category_name">베이커리/잼</span></div></div></a></li><li class="list-item"><a href="best@categoryCode=100002001.html"><div class="img_sec"><img data-src="https://image.gmarket.co.kr/hanbando/202208/7088de74-301b-48ef-911c-f33ed6a22f9b.jpg" class="swiper-lazy" alt=""/></div><div class="box__category-name"><div class="box__category-name-inner"><span class="category_name">건강식품</span></div></div></a></li><li class="list-item"><a href="best@categoryCode=100002002.html"><div class="img_sec"><img data-src="https://image.gmarket.co.kr/hanbando/202208/39888525-4f61-453f-865c-83b6ca536b58.jpg" class="swiper-lazy" alt=""/></div><div class="box__category-name"><div class="box__category-name-inner"><span class="category_name">세탁/청소/욕실용품</span></div></div></a></li></ul></div><div class="swiper-slide"><ul class="category_slide" aria-label="스마일프레시 베스트 메뉴"><li class="list-item"><a href="best@categoryCode=100002003.html"><div class="img_sec"><img data-src="https://image.gmarket.co.kr/hanbando/202208/a9484e1d-492e-4ab4-84db-1a387177dcbf.jpg" class="swiper-lazy" alt=""/></div><div class="box__category-name"><div class="box__category-name-inner"><span class="category_name">리빙</span></div></div></a></li><li class="list-item"><a href="best@categoryCode=100002004.html"><div class="img_sec"><img data-src="https://image.gmarket.co.kr/hanbando/202208/e0d7614a-763e-4d90-b696-b20c76e890ca.jpg" class="swiper-lazy" alt=""/></div><div class="box__category-name"><div class="box__category-name-inner"><span class="category_name">주방/일회용품</span></div></div></a></li><li class="list-item"><a href="best@categoryCode=100002005.html"><div class="img_sec"><img data-src="https://image.gmarket.co.kr/hanbando/202208/231a3b36-5d05-467d-a33a-8651b9cf19c6.jpg" class="swiper-lazy" alt=""/></div><div class="box__category-name"><div class="box__category-name-inner"><span class="category_name">생활잡화/공구</span></div></div></a></li><li class="list-item"><a href="best@categoryCode=100002006.html"><div class="img_sec"><img data-src="https://image.gmarket.co.kr/hanbando/202208/692a0b18-2063-4f86-a0af-3f7bbee09696.jpg" class="swiper-lazy" alt=""/></div><div class="box__category-name"><div class="box__category-name-inner"><span class="category_name">반려동물</span></div></div></a></li><li class="list-item"><a href="best@categoryCode=100002007.html"><div class="img_sec"><img data-src="https://image.gmarket.co.kr/hanbando/202208/ba755a2e-4a11-472c-92f0-6b82f671b1f8.jpg" class="swiper-lazy" alt=""/></div><div class="box__category-name"><div class="box__category-name-inner"><span class="category_name">뷰티</span></div></div></a></li><li class="list-item"><a href="best@categoryCode=100002008.html"><div class="img_sec"><img data-src="https://image.gmarket.co.kr/hanbando/202208/fd6fb0fe-4f81-48ea-bec2-5cc37db6fa18.jpg" class="swiper-lazy" alt=""/></div><div class="box__category-name"><div class="box__category-name-inner"><span class="category_name">유아동/출산/완구</span></div></div></a></li><li class="list-item"><a href="best@categoryCode=100002009.html"><div class="img_sec"><img data-src="https://image.gmarket.co.kr/hanbando/202208/315ccf35-b333-4017-b664-ccb1ba966ef0.jpg" class="swiper-lazy" alt=""/></div><div class="box__category-name"><div class="box__category-name-inner"><span class="category_name">패션/언더웨어</span></div></div></a></li><li class="list-item"><a href="best@categoryCode=100002010.html"><div class="img_sec"><img data-src="https://image.gmarket.co.kr/hanbando/202208/30fc0d1d-ea15-4e02-8f50-f144d06423ca.jpg" class="swiper-lazy" alt=""/></div><div class="box__category-name"><div class="box__category-name-inner"><span class="category_name">잡화/슈즈/명품</span></div></div></a></li><li class="list-item"><a href="best@categoryCode=100002011.html"><div class="img_sec"><img data-src="https://image.gmarket.co.kr/hanbando/202208/fa99b668-5f13-496e-a62d-dce329ead7cc.jpg" class="swiper-lazy" alt=""/></div><div class="box__category-name"><div class="box__category-name-inner"><span class="category_name">스포츠/레저/자동차</span></div></div></a></li><li class="list-item"><a href="best@categoryCode=100002012.html"><div class="img_sec"><img data-src="https://image.gmarket.co.kr/hanbando/202208/f38a6d26-1cc0-4b33-bf23-f933c2190252.jpg" class="swiper-lazy" alt=""/></div><div class="box__category-name"><div class="box__category-name-inner"><span class="category_name">디지털/가전</span></div></div></a></li><li class="list-item"><a href="best@categoryCode=100002013.html"><div class="img_sec"><img data-src="https://image.gmarket.co.kr/hanbando/202208/edd14751-f54a-48ff-ae9a-15a33b10c06c.jpg" class="swiper-lazy" alt=""/></div><div class="box__category-name"><div class="box__category-name-inner"><span class="category_name">문구/취미/도서</span></div></div></a></li><li class="list-item"><a href="best.html"><div class="img_sec"><img data-src="//pics.gmarket.co.kr/pc/single/kr/smilefresh/image__category-all.png" class="swiper-lazy" alt=""/></div><div class="box__category-name"><div class="box__category-name-inner"><span class="category_name">전체</span></div></div></a></li></ul></div><div class="swiper-slide"><ul class="category_slide" aria-label="스마일프레시 베스트 메뉴"><li class="list-item"><a href="best@categoryCode=100000000.html"><div class="img_sec"><img data-src="https://image.gmarket.co.kr/hanbando/202209/2f7e5c38-9606-4f1a-912e-f969e22f430f.jpg" class="swiper-lazy" alt=""/></div><div class="box__category-name"><div class="box__category-name-inner"><span class="category_name">정육/계란</span></div></div></a></li><li class="list-item"><a href="best@categoryCode=100001005.html"><div class="img_sec"><img data-src="https://image.gmarket.co.kr/hanbando/202207/efc9fa9b-b4d8-4eb4-b44d-dc8a47a8c00a.jpg" class="swiper-lazy" alt=""/></div><div class="box__category-name"><div class="box__category-name-inner"><span class="category_name">과일</span></div></div></a></li><li class="list-item"><a href="best@categoryCode=100001006.html"><div class="img_sec"><img data-src="https://image.gmarket.co.kr/hanbando/202207/287cdcc7-47f4-4949-8cdf-2bfb4ff5522e.jpg" class="swiper-lazy" alt=""/></div><div class="box__category-name"><div class="box__category-name-inner"><span class="category_name">냉동/간편식</span></div></div></a></li><li class="list-item list-item--active"><a aria-current="page" href="best@categoryCode=100001007.html"><div class="img_sec"><img data-src="https://image.gmarket.co.kr/hanbando/202207/92c7e264-61a8-4e11-ab2b-d3ad8a7b3ab6.jpg" class="swiper-lazy" alt=""/></div><div class="box__category-name"><div class="box__category-name-inner"><span class="category_name">쌀/잡곡</span></div></div></a></li><li class="list-item"><a href="best@categoryCode=100001008.html"><div class="img_sec"><img data-src="https://image.gmarket.co.kr/hanbando/202209/eb8b0652-724b-465a-800a-49436a3f5435.jpg" class="swiper-lazy" alt=""/></div><div class="box__category-name"><div class="box__category-name-inner"><span class="category_name">채소/두부</span></div></div></a></li><li class="list-item"><a href="best@categoryCode=100001010.html"><div class="img_sec"><img data-src="https://image.gmarket.co.kr/hanbando/202207/9ac23369-57e8-4299-889a-4f5360cd3c28.jpg" class="swiper-lazy" alt=""/></div><div class="box__category-name"><div class="box__category-name-inner"><span class="category_name">라면/즉석식품</span></div></div></a></li><li class="list-item"><a href="best@categoryCode=100001032.html"><div class="img_sec"><img data-src="https://image.gmarket.co.kr/hanbando/202207/a28bdf02-b436-4466-88de-d8f11ca54296.jpg" class="swiper-lazy" alt=""/></div><div class="box__category-name"><div class="box__category-name-inner"><span class="category_name">생수/음료</span></div></div></a></li><li class="list-item"><a href="best@categoryCode=100001033.html"><div class="img_sec"><img data-src="https://image.gmarket.co.kr/hanbando/202207/fd43d2b2-4f77-4e2c-b5da-58d24b91d95b.jpg" class="swiper-lazy" alt=""/></div><div class="box__category-name"><div class="box__category-name-inner"><span class="category_name">과자/아이스크림</span></div></div></a></li><li class="list-item"><a href="best@categoryCode=100001034.html"><div class="img_sec"><img data-src="https://image.gmarket.co.kr/hanbando/202207/f5f1f7ed-e6a5-4ecd-ac66-aa87756158c2.jpg" class="swiper-lazy" alt=""/></div><div class="box__category-name"><div class="box__category-name-inner"><span class="category_name">우유/유제품</span></div></div></a></li><li class="list-item"><a href="best@categoryCode=100001035.html"><div class="img_sec"><img data-src="https://image.gmarket.co.kr/hanbando/202207/089a0e40-92de-4a0e-a8cb-2a18f78c5691.jpg" class="swiper-lazy" alt=""/></div><div class="box__category-name"><div class="box__category-name-inner"><span class="category_name">장류/양념</span></div></div></a></li><li class="list-item"><a href="best@categoryCode=100001036.html"><div class="img_sec"><img data-src="https://image.gmarket.co.kr/hanbando/202207/a5b62bcd-46b5-4059-bb1b-e01878b77ef4.jpg" class="swiper-lazy" alt=""/></div><div class="box__category-name"><div class="box__category-name-inner"><span class="category_name">화장지/위생</span></div></div></a></li><li class="list-item"><a href="best@categoryCode=100001037.html"><div class="img_sec"><img data-src="https://image.gmarket.co.kr/hanbando/202207/c5b6a09a-4955-4829-94d6-c62f818f2f34.jpg" class="swiper-lazy" alt=""/></div><div class="box__category-name"><div class="box__category-name-inner"><span class="category_name">커피/차</span></div></div></a></li></ul></div><div class="swiper-slide"><ul class="category_slide" aria-label="스마일프레시 베스트 메뉴"><li class="list-item"><a href="best@categoryCode=100001038.html"><div class="img_sec"><img data-src="https://image.gmarket.co.kr/hanbando/202207/23143aa7-715d-4778-8b1e-ab87422a8d3a.jpg" class="swiper-lazy" alt=""/></div><div class="box__category-name"><div class="box__category-name-inner"><span class="category_name">수산물</span></div></div></a></li><li class="list-item"><a href="best@categoryCode=100001039.html"><div class="img_sec"><img data-src="https://image.gmarket.co.kr/hanbando/202207/85d41348-f077-4b90-b0ff-3599d16216b2.jpg" class="swiper-lazy" alt=""/></div><div class="box__category-name"><div class="box__category-name-inner"><span class="category_name">밀키트/반찬</span></div></div></a></li><li class="list-item"><a href="best@categoryCode=100002000.html"><div class="img_sec"><img data-src="https://image.gmarket.co.kr/hanbando/202208/ea1ecb73-6a2c-45f7-8a89-2e130b634a99.jpg" class="swiper-lazy" alt=""/></div><div class="box__category-name"><div class="box__category-name-inner"><span class="category_name">베이커리/잼</span></div></div></a></li><li class="list-item"><a href="best@categoryCode=100002001.html"><div class="img_sec"><img data-src="https://image.gmarket.co.kr/hanbando/202208/7088de74-301b-48ef-911c-f33ed6a22f9b.jpg" class="swiper-lazy" alt=""/></div><div class="box__category-name"><div class="box__category-name-inner"><span class="category_name">건강식품</span></div></div></a></li><li class="list-item"><a href="best@categoryCode=100002002.html"><div class="img_sec"><img data-src="https://image.gmarket.co.kr/hanbando/202208/39888525-4f61-453f-865c-83b6ca536b58.jpg" class="swiper-lazy" alt=""/></div><div class="box__category-name"><div class="box__category-name-inner"><span class="category_name">세탁/청소/욕실용품</span></div></div></a></li><li class="list-item"><a href="best@categoryCode=100002003.html"><div class="img_sec"><img data-src="https://image.gmarket.co.kr/hanbando/202208/a9484e1d-492e-4ab4-84db-1a387177dcbf.jpg" class="swiper-lazy" alt=""/></div><div class="box__category-name"><div class="box__category-name-inner"><span class="category_name">리빙</span></div></div></a></li><li class="list-item"><a href="best@categoryCode=100002004.html"><div class="img_sec"><img data-src="https://image.gmarket.co.kr/hanbando/202208/e0d7614a-763e-4d90-b696-b20c76e890ca.jpg" class="swiper-lazy" alt=""/></div><div class="box__category-name"><div class="box__category-name-inner"><span class="category_name">주방/일회용품</span></div></div></a></li><li class="list-item"><a href="best@categoryCode=100002005.html"><div class="img_sec"><img data-src="https://image.gmarket.co.kr/hanbando/202208/231a3b36-5d05-467d-a33a-8651b9cf19c6.jpg" class="swiper-lazy" alt=""/></div><div class="box__category-name"><div class="box__category-name-inner"><span class="category_name">생활잡화/공구</span></div></div></a></li><li class="list-item"><a href="best@categoryCode=100002006.html"><div class="img_sec"><img data-src="https://image.gmarket.co.kr/hanbando/202208/692a0b18-2063-4f86-a0af-3f7bbee09696.jpg" class="swiper-lazy" alt=""/></div><div class="box__category-name"><div class="box__category-name-inner"><span class="category_name">반려동물</span></div></div></a></li><li class="list-item"><a href="best@categoryCode=100002007.html"><div class="img_sec"><img data-src="https://image.gmarket.co.kr/hanbando/202208/ba755a2e-4a11-472c-92f0-6b82f671b1f8.jpg" class="swiper-lazy" alt=""/></div><div class="box__category-name"><div class="box__category-name-inner"><span class="category_name">뷰티</span></div></div></a></li><li class="list-item"><a href="best@categoryCode=100002008.html"><div class="img_sec"><img data-src="https://image.gmarket.co.kr/hanbando/202208/fd6fb0fe-4f81-48ea-bec2-5cc37db6fa18.jpg" class="swiper-lazy" alt=""/></div><div class="box__category-name"><div class="box__category-name-inner"><span class="category_name">유아동/출산/완구</span></div></div></a></li><li class="list-item"><a href="best@categoryCode=100002009.html"><div class="img_sec"><img data-src="https://image.gmarket.co.kr/hanbando/202208/315ccf35-b333-4017-b664-ccb1ba966ef0.jpg" class="swiper-lazy" alt=""/></div><div class="box__category-name"><div class="box__category-name-inner"><span class="category_name">패션/언더웨어</span></div></div></a></li></ul></div><div class="swiper-slide"><ul class="category_slide" aria-label="스마일프레시 베스트 메뉴"><li class="list-item"><a href="best@categoryCode=100002010.html"><div class="img_sec"><img data-src="https://image.gmarket.co.kr/hanbando/202208/30fc0d1d-ea15-4e02-8f50-f144d06423ca.jpg" class="swiper-lazy" alt=""/></div><div class="box__category-name"><div class="box__category-name-inner"><span class="category_name">잡화/슈즈/명품</span></div></div></a></li><li class="list-item"><a href="best@categoryCode=100002011.html"><div class="img_sec"><img data-src="https://image.gmarket.co.kr/hanbando/202208/fa99b668-5f13-496e-a62d-dce329ead7cc.jpg" class="swiper-lazy" alt=""/></div><div class="box__category-name"><div class="box__category-name-inner"><span class="category_name">스포츠/레저/자동차</span></div></div></a></li><li class="list-item"><a href="best@categoryCode=100002012.html"><div class="img_sec"><img data-src="https://image.gmarket.co.kr/hanbando/202208/f38a6d26-1cc0-4b33-bf23-f933c2190252.jpg" class="swiper-lazy" alt=""/></div><div class="box__category-name"><div class="box__category-name-inner"><span class="category_name">디지털/가전</span></div></div></a></li><li class="list-item"><a href="best@categoryCode=100002013.html"><div class="img_sec"><img data-src="https://image.gmarket.co.kr/hanbando/202208/edd14751-f54a-48ff-ae9a-15a33b10c06c.jpg" class="swiper-lazy" alt=""/></div><div class="box__category-name"><div class="box__category-name-inner"><span class="category_name">문구/취미/도서</span></div></div></a></li><li class="list-item"><a href="best.html"><div class="img_sec"><img data-src="//pics.gmarket.co.kr/pc/single/kr/smilefresh/image__category-all.png" class="swiper-lazy" alt=""/></div><div class="box__category-name"><div class="box__category-name-inner"><span class="category_name">전체</span></div></div></a></li><li class="list-item"><a href="best@categoryCode=100000000.html"><div class="img_sec"><img data-src="https://image.gmarket.co.kr/hanbando/202209/2f7e5c38-9606-4f1a-912e-f969e22f430f.jpg" class="swiper-lazy" alt=""/></div><div class="box__category-name"><div class="box__category-name-inner"><span class="category_name">정육/계란</span></div></div></a></li><li class="list-item"><a href="best@categoryCode=100001005.html"><div class="img_sec"><img data-src="https://image.gmarket.co.kr/hanbando/202207/efc9fa9b-b4d8-4eb4-b44d-dc8a47a8c00a.jpg" class="swiper-lazy" alt=""/></div><div class="box__category-name"><div class="box__category-name-inner"><span class="category_name">과일</span></div></div></a></li><li class="list-item"><a href="best@categoryCode=100001006.html"><div class="img_sec"><img data-src="https://image.gmarket.co.kr/hanbando/202207/287cdcc7-47f4-4949-8cdf-2bfb4ff5522e.jpg" class="swiper-lazy" alt=""/></div><div class="box__category-name"><div class="box__category-name-inner"><span class="category_name">냉동/간편식</span></div></div></a></li><li class="list-item list-item--active"><a aria-current="page" href="best@categoryCode=100001007.html"><div class="img_sec"><img data-src="https://image.gmarket.co.kr/hanbando/202207/92c7e264-61a8-4e11-ab2b-d3ad8a7b3ab6.jpg" class="swiper-lazy" alt=""/></div><div class="box__category-name"><div class="box__category-name-inner"><span class="category_name">쌀/잡곡</span></div></div></a></li><li class="list-item"><a href="best@categoryCode=100001008.html"><div class="img_sec"><img data-src="https://image.gmarket.co.kr/hanbando/202209/eb8b0652-724b-465a-800a-49436a3f5435.jpg" class="swiper-lazy" alt=""/></div><div class="box__category-name"><div class="box__category-name-inner"><span class="category_name">채소/두부</span></div></div></a></li><li class="list-item"><a href="best@categoryCode=100001010.html"><div class="img_sec"><img data-src="https://image.gmarket.co.kr/hanbando/202207/9ac23369-57e8-4299-889a-4f5360cd3c28.jpg" class="swiper-lazy" alt=""/></div><div class="box__category-name"><div class="box__category-name-inner"><span class="category_name">라면/즉석식품</span></div></div></a></li><li class="list-item"><a href="best@categoryCode=100001032.html"><div class="img_sec"><img data-src="https://image.gmarket.co.kr/hanbando/202207/a28bdf02-b436-4466-88de-d8f11ca54296.jpg" class="swiper-lazy" alt=""/></div><div class="box__category-name"><div class="box__category-name-inner"><span class="category_name">생수/음료</span></div></div></a></li></ul></div><div class="swiper-slide"><ul class="category_slide" aria-label="스마일프레시 베스트 메뉴"><li class="list-item"><a href="best@categoryCode=100001033.html"><div class="img_sec"><img data-src="https://image.gmarket.co.kr/hanbando/202207/fd43d2b2-4f77-4e2c-b5da-58d24b91d95b.jpg" class="swiper-lazy" alt=""/></div><div class="box__category-name"><div class="box__category-name-inner"><span class="category_name">과자/아이스크림</span></div></div></a></li><li class="list-item"><a href="best@categoryCode=100001034.html"><div class="img_sec"><img data-src="https://image.gmarket.co.kr/hanbando/202207/f5f1f7ed-e6a5-4ecd-ac66-aa87756158c2.jpg" class="swiper-lazy" alt=""/></div><div class="box__category-name"><div class="box__category-name-inner"><span class="category_name">우유/유제품</span></div></div></a></li><li class="list-item"><a href="best@categoryCode=100001035.html"><div class="img_sec"><img data-src="https://image.gmarket.co.kr/hanbando/202207/089a0e40-92de-4a0e-a8cb-2a18f78c5691.jpg" class="swiper-lazy" alt=""/></div><div class="box__category-name"><div class="box__category-name-inner"><span class="category_name">장류/양념</span></div></div></a></li><li class="list-item"><a href="best@categoryCode=100001036.html"><div class="img_sec"><img data-src="https://image.gmarket.co.kr/hanbando/202207/a5b62bcd-46b5-4059-bb1b-e01878b77ef4.jpg" class="swiper-lazy" alt=""/></div><div class="box__category-name"><div class="box__category-name-inner"><span class="category_name">화장지/위생</span></div></div></a></li><li class="list-item"><a href="best@categoryCode=100001037.html"><div class="img_sec"><img data-src="https://image.gmarket.co.kr/hanbando/202207/c5b6a09a-4955-4829-94d6-c62f818f2f34.jpg" class="swiper-lazy" alt=""/></div><div class="box__category-name"><div class="box__category-name-inner"><span class="category_name">커피/차</span></div></div></a></li><li class="list-item"><a href="best@categoryCode=100001038.html"><div class="img_sec"><img data-src="https://image.gmarket.co.kr/hanbando/202207/23143aa7-715d-4778-8b1e-ab87422a8d3a.jpg" class="swiper-lazy" alt=""/></div><div class="box__category-name"><div class="box__category-name-inner"><span class="category_name">수산물</span></div></div></a></li><li class="list-item"><a href="best@categoryCode=100001039.html"><div class="img_sec"><img data-src="https://image.gmarket.co.kr/hanbando/202207/85d41348-f077-4b90-b0ff-3599d16216b2.jpg" class="swiper-lazy" alt=""/></div><div class="box__category-name"><div class="box__category-name-inner"><span class="category_name">밀키트/반찬</span></div></div></a></li><li class="list-item"><a href="best@categoryCode=100002000.html"><div class="img_sec"><img data-src="https://image.gmarket.co.kr/hanbando/202208/ea1ecb73-6a2c-45f7-8a89-2e130b634a99.jpg" class="swiper-lazy" alt=""/></div><div class="box__category-name"><div class="box__category-name-inner"><span class="category_name">베이커리/잼</span></div></div></a></li><li class="list-item"><a href="best@categoryCode=100002001.html"><div class="img_sec"><img data-src="https://image.gmarket.co.kr/hanbando/202208/7088de74-301b-48ef-911c-f33ed6a22f9b.jpg" class="swiper-lazy" alt=""/></div><div class="box__category-name"><div class="box__category-name-inner"><span class="category_name">건강식품</span></div></div></a></li><li class="list-item"><a href="best@categoryCode=100002002.html"><div class="img_sec"><img data-src="https://image.gmarket.co.kr/hanbando/202208/39888525-4f61-453f-865c-83b6ca536b58.jpg" class="swiper-lazy" alt=""/></div><div class="box__category-name"><div class="box__category-name-inner"><span class="category_name">세탁/청소/욕실용품</span></div></div></a></li><li class="list-item"><a href="best@categoryCode=100002003.html"><div class="img_sec"><img data-src="https://image.gmarket.co.kr/hanbando/202208/a9484e1d-492e-4ab4-84db-1a387177dcbf.jpg" class="swiper-lazy" alt=""/></div><div class="box__category-name"><div class="box__category-name-inner"><span class="category_name">리빙</span></div></div></a></li><li class="list-item"><a href="best@categoryCode=100002004.html"><div class="img_sec"><img data-src="https://image.gmarket.co.kr/hanbando/202208/e0d7614a-763e-4d90-b696-b20c76e890ca.jpg" class="swiper-lazy" alt=""/></div><div class="box__category-name"><div class="box__category-name-inner"><span class="category_name">주방/일회용품</span></div></div></a></li></ul></div><div class="swiper-slide"><ul class="category_slide" aria-label="스마일프레시 베스트 메뉴"><li class="list-item"><a href="best@categoryCode=100002005.html"><div class="img_sec"><img data-src="https://image.gmarket.co.kr/hanbando/202208/231a3b36-5d05-467d-a33a-8651b9cf19c6.jpg" class="swiper-lazy" alt=""/></div><div class="box__category-name"><div class="box__category-name-inner"><span class="category_name">생활잡화/공구</span></div></div></a></li><li class="list-item"><a href="best@categoryCode=100002006.html"><div class="img_sec"><img data-src="https://image.gmarket.co.kr/hanbando/202208/692a0b18-2063-4f86-a0af-3f7bbee09696.jpg" class="swiper-lazy" alt=""/></div><div class="box__category-name"><div class="box__category-name-inner"><span class="category_name">반려동물</span></div></div></a></li><li class="list-item"><a href="best@categoryCode=100002007.html"><div class="img_sec"><img data-src="https://image.gmarket.co.kr/hanbando/202208/ba755a2e-4a11-472c-92f0-6b82f671b1f8.jpg" class="swiper-lazy" alt=""/></div><div class="box__category-name"><div class="box__category-name-inner"><span class="category_name">뷰티</span></div></div></a></li><li class="list-item"><a href="best@categoryCode=100002008.html"><div class="img_sec"><img data-src="https://image.gmarket.co.kr/hanbando/202208/fd6fb0fe-4f81-48ea-bec2-5cc37db6fa18.jpg" class="swiper-lazy" alt=""/></div><div class="box__category-name"><div class="box__category-name-inner"><span class="category_name">유아동/출산/완구</span></div></div></a></li><li class="list-item"><a href="best@categoryCode=100002009.html"><div class="img_sec"><img data-src="https://image.gmarket.co.kr/hanbando/202208/315ccf35-b333-4017-b664-ccb1ba966ef0.jpg" class="swiper-lazy" alt=""/></div><div class="box__category-name"><div class="box__category-name-inner"><span class="category_name">패션/언더웨어</span></div></div></a></li><li class="list-item"><a href="best@categoryCode=100002010.html"><div class="img_sec"><img data-src="https://image.gmarket.co.kr/hanbando/202208/30fc0d1d-ea15-4e02-8f50-f144d06423ca.jpg" class="swiper-lazy" alt=""/></div><div class="box__category-name"><div class="box__category-name-inner"><span class="category_name">잡화/슈즈/명품</span></div></div></a></li><li class="list-item"><a href="best@categoryCode=100002011.html"><div class="img_sec"><img data-src="https://image.gmarket.co.kr/hanbando/202208/fa99b668-5f13-496e-a62d-dce329ead7cc.jpg" class="swiper-lazy" alt=""/></div><div class="box__category-name"><div class="box__category-name-inner"><span class="category_name">스포츠/레저/자동차</span></div></div></a></li><li class="list-item"><a href="best@categoryCode=100002012.html"><div class="img_sec"><img data-src="https://image.gmarket.co.kr/hanbando/202208/f38a6d26-1cc0-4b33-bf23-f933c2190252.jpg" class="swiper-lazy" alt=""/></div><div class="box__category-name"><div class="box__category-name-inner"><span class="category_name">디지털/가전</span></div></div></a></li><li class="list-item"><a href="best@categoryCode=100002013.html"><div class="img_sec"><img data-src="https://image.gmarket.co.kr/hanbando/202208/edd14751-f54a-48ff-ae9a-15a33b10c06c.jpg" class="swiper-lazy" alt=""/></div><div class="box__category-name"><div class="box__category-name-inner"><span class="category_name">문구/취미/도서</span></div></div></a></li><li class="list-item"><a href="best.html"><div class="img_sec"><img data-src="//pics.gmarket.co.kr/pc/single/kr/smilefresh/image__category-all.png" class="swiper-lazy" alt=""/></div><div class="box__category-name"><div class="box__category-name-inner"><span class="category_name">전체</span></div></div></a></li><li class="list-item"><a href="best@categoryCode=100000000.html"><div class="img_sec"><img data-src="https://image.gmarket.co.kr/hanbando/202209/2f7e5c38-9606-4f1a-912e-f969e22f430f.jpg" class="swiper-lazy" alt=""/></div><div class="box__category-name"><div class="box__category-name-inner"><span class="category_name">정육/계란</span></div></div></a></li><li class="list-item"><a href="best@categoryCode=100001005.html"><div class="img_sec"><img data-src="https://image.gmarket.co.kr/hanbando/202207/efc9fa9b-b4d8-4eb4-b44d-dc8a47a8c00a.jpg" class="swiper-lazy" alt=""/></div><div class="box__category-name"><div class="box__category-name-inner"><span class="category_name">과일</span></div></div></a></li></ul></div><div class="swiper-slide"><ul class="category_slide" aria-label="스마일프레시 베스트 메뉴"><li class="list-item"><a href="best@categoryCode=100001006.html"><div class="img_sec"><img data-src="https://image.gmarket.co.kr/hanbando/202207/287cdcc7-47f4-4949-8cdf-2bfb4ff5522e.jpg" class="swiper-lazy" alt=""/></div><div class="box__category-name"><div class="box__category-name-inner"><span class="category_name">냉동/간편식</span></div></div></a></li><li class="list-item list-item--active"><a aria-current="page" href="best@categoryCode=100001007.html"><div class="img_sec"><img data-src="https://image.gmarket.co.kr/hanbando/202207/92c7e264-61a8-4e11-ab2b-d3ad8a7b3ab6.jpg" class="swiper-lazy" alt=""/></div><div class="box__category-name"><div class="box__category-name-inner"><span class="category_name">쌀/잡곡</span></div></div></a></li><li class="list-item"><a href="best@categoryCode=100001008.html"><div class="img_sec"><img data-src="https://image.gmarket.co.kr/hanbando/202209/eb8b0652-724b-465a-800a-49436a3f5435.jpg" class="swiper-lazy" alt=""/></div><div class="box__category-name"><div class="box__category-name-inner"><span class="category_name">채소/두부</span></div></div></a></li><li class="list-item"><a href="best@categoryCode=100001010.html"><div class="img_sec"><img data-src="https://image.gmarket.co.kr/hanbando/202207/9ac23369-57e8-4299-889a-4f5360cd3c28.jpg" class="swiper-lazy" alt=""/></div><div class="box__category-name"><div class="box__category-name-inner"><span class="category_name">라면/즉석식품</span></div></div></a></li><li class="list-item"><a href="best@categoryCode=100001032.html"><div class="img_sec"><img data-src="https://image.gmarket.co.kr/hanbando/202207/a28bdf02-b436-4466-88de-d8f11ca54296.jpg" class="swiper-lazy" alt=""/></div><div class="box__category-name"><div class="box__category-name-inner"><span class="category_name">생수/음료</span></div></div></a></li><li class="list-item"><a href="best@categoryCode=100001033.html"><div class="img_sec"><img data-src="https://image.gmarket.co.kr/hanbando/202207/fd43d2b2-4f77-4e2c-b5da-58d24b91d95b.jpg" class="swiper-lazy" alt=""/></div><div class="box__category-name"><div class="box__category-name-inner"><span class="category_name">과자/아이스크림</span></div></div></a></li><li class="list-item"><a href="best@categoryCode=100001034.html"><div class="img_sec"><img data-src="https://image.gmarket.co.kr/hanbando/202207/f5f1f7ed-e6a5-4ecd-ac66-aa87756158c2.jpg" class="swiper-lazy" alt=""/></div><div class="box__category-name"><div class="box__category-name-inner"><span class="category_name">우유/유제품</span></div></div></a></li><li class="list-item"><a href="best@categoryCode=100001035.html"><div class="img_sec"><img data-src="https://image.gmarket.co.kr/hanbando/202207/089a0e40-92de-4a0e-a8cb-2a18f78c5691.jpg" class="swiper-lazy" alt=""/></div><div class="box__category-name"><div class="box__category-name-inner"><span class="category_name">장류/양념</span></div></div></a></li><li class="list-item"><a href="best@categoryCode=100001036.html"><div class="img_sec"><img data-src="https://image.gmarket.co.kr/hanbando/202207/a5b62bcd-46b5-4059-bb1b-e01878b77ef4.jpg" class="swiper-lazy" alt=""/></div><div class="box__category-name"><div class="box__category-name-inner"><span class="category_name">화장지/위생</span></div></div></a></li><li class="list-item"><a href="best@categoryCode=100001037.html"><div class="img_sec"><img data-src="https://image.gmarket.co.kr/hanbando/202207/c5b6a09a-4955-4829-94d6-c62f818f2f34.jpg" class="swiper-lazy" alt=""/></div><div class="box__category-name"><div class="box__category-name-inner"><span class="category_name">커피/차</span></div></div></a></li><li class="list-item"><a href="best@categoryCode=100001038.html"><div class="img_sec"><img data-src="https://image.gmarket.co.kr/hanbando/202207/23143aa7-715d-4778-8b1e-ab87422a8d3a.jpg" class="swiper-lazy" alt=""/></div><div class="box__category-name"><div class="box__category-name-inner"><span class="category_name">수산물</span></div></div></a></li><li class="list-item"><a href="best@categoryCode=100001039.html"><div class="img_sec"><img data-src="https://image.gmarket.co.kr/hanbando/202207/85d41348-f077-4b90-b0ff-3599d16216b2.jpg" class="swiper-lazy" alt=""/></div><div class="box__category-name"><div class="box__category-name-inner"><span class="category_name">밀키트/반찬</span></div></div></a></li></ul></div><div class="swiper-slide"><ul class="category_slide" aria-label="스마일프레시 베스트 메뉴"><li class="list-item"><a href="best@categoryCode=100002000.html"><div class="img_sec"><img data-src="https://image.gmarket.co.kr/hanbando/202208/ea1ecb73-6a2c-45f7-8a89-2e130b634a99.jpg" class="swiper-lazy" alt=""/></div><div class="box__category-name"><div class="box__category-name-inner"><span class="category_name">베이커리/잼</span></div></div></a></li><li class="list-item"><a href="best@categoryCode=100002001.html"><div class="img_sec"><img data-src="https://image.gmarket.co.kr/hanbando/202208/7088de74-301b-48ef-911c-f33ed6a22f9b.jpg" class="swiper-lazy" alt=""/></div><div class="box__category-name"><div class="box__category-name-inner"><span class="category_name">건강식품</span></div></div></a></li><li class="list-item"><a href="best@categoryCode=100002002.html"><div class="img_sec"><img data-src="https://image.gmarket.co.kr/hanbando/202208/39888525-4f61-453f-865c-83b6ca536b58.jpg" class="swiper-lazy" alt=""/></div><div class="box__category-name"><div class="box__category-name-inner"><span class="category_name">세탁/청소/욕실용품</span></div></div></a></li><li class="list-item"><a href="best@categoryCode=100002003.html"><div class="img_sec"><img data-src="https://image.gmarket.co.kr/hanbando/202208/a9484e1d-492e-4ab4-84db-1a387177dcbf.jpg" class="swiper-lazy" alt=""/></div><div class="box__category-name"><div class="box__category-name-inner"><span class="category_name">리빙</span></div></div></a></li><li class="list-item"><a href="best@categoryCode=100002004.html"><div class="img_sec"><img data-src="https://image.gmarket.co.kr/hanbando/202208/e0d7614a-763e-4d90-b696-b20c76e890ca.jpg" class="swiper-lazy" alt=""/></div><div class="box__category-name"><div class="box__category-name-inner"><span class="category_name">주방/일회용품</span></div></div></a></li><li class="list-item"><a href="best@categoryCode=100002005.html"><div class="img_sec"><img data-src="https://image.gmarket.co.kr/hanbando/202208/231a3b36-5d05-467d-a33a-8651b9cf19c6.jpg" class="swiper-lazy" alt=""/></div><div class="box__category-name"><div class="box__category-name-inner"><span class="category_name">생활잡화/공구</span></div></div></a></li><li class="list-item"><a href="best@categoryCode=100002006.html"><div class="img_sec"><img data-src="https://image.gmarket.co.kr/hanbando/202208/692a0b18-2063-4f86-a0af-3f7bbee09696.jpg" class="swiper-lazy" alt=""/></div><div class="box__category-name"><div class="box__category-name-inner"><span class="category_name">반려동물</span></div></div></a></li><li class="list-item"><a href="best@categoryCode=100002007.html"><div class="img_sec"><img data-src="https://image.gmarket.co.kr/hanbando/202208/ba755a2e-4a11-472c-92f0-6b82f671b1f8.jpg" class="swiper-lazy" alt=""/></div><div class="box__category-name"><div class="box__category-name-inner"><span class="category_name">뷰티</span></div></div></a></li><li class="list-item"><a href="best@categoryCode=100002008.html"><div class="img_sec"><img data-src="https://image.gmarket.co.kr/hanbando/202208/fd6fb0fe-4f81-48ea-bec2-5cc37db6fa18.jpg" class="swiper-lazy" alt=""/></div><div class="box__category-name"><div class="box__category-name-inner"><span class="category_name">유아동/출산/완구</span></div></div></a></li><li class="list-item"><a href="best@categoryCode=100002009.html"><div class="img_sec"><img data-src="https://image.gmarket.co.kr/hanbando/202208/315ccf35-b333-4017-b664-ccb1ba966ef0.jpg" class="swiper-lazy" alt=""/></div><div class="box__category-name"><div class="box__category-name-inner"><span class="category_name">패션/언더웨어</span></div></div></a></li><li class="list-item"><a href="best@categoryCode=100002010.html"><div class="img_sec"><img data-src="https://image.gmarket.co.kr/hanbando/202208/30fc0d1d-ea15-4e02-8f50-f144d06423ca.jpg" class="swiper-lazy" alt=""/></div><div class="box__category-name"><div class="box__category-name-inner"><span class="category_name">잡화/슈즈/명품</span></div></div></a></li><li class="list-item"><a href="best@categoryCode=100002011.html"><div class="img_sec"><img data-src="https://image.gmarket.co.kr/hanbando/202208/fa99b668-5f13-496e-a62d-dce329ead7cc.jpg" class="swiper-lazy" alt=""/></div><div class="box__category-name"><div class="box__category-name-inner"><span class="category_name">스포츠/레저/자동차</span></div></div></a></li></ul></div><div class="swiper-slide"><ul class="category_slide" aria-label="스마일프레시 베스트 메뉴"><li class="list-item"><a href="best@categoryCode=100002012.html"><div class="img_sec"><img data-src="https://image.gmarket.co.kr/hanbando/202208/f38a6d26-1cc0-4b33-bf23-f933c2190252.jpg" class="swiper-lazy" alt=""/></div><div class="box__category-name"><div class="box__category-name-inner"><span class="category_name">디지털/가전</span></div></div></a></li><li class="list-item"><a href="best@categoryCode=100002013.html"><div class="img_sec"><img data-src="https://image.gmarket.co.kr/hanbando/202208/edd14751-f54a-48ff-ae9a-15a33b10c06c.jpg" class="swiper-lazy" alt=""/></div><div class="box__category-name"><div class="box__category-name-inner"><span class="category_name">문구/취미/도서</span></div></div></a></li><li class="list-item"><a href="best.html"><div class="img_sec"><img data-src="//pics.gmarket.co.kr/pc/single/kr/smilefresh/image__category-all.png" class="swiper-lazy" alt=""/></div><div class="box__category-name"><div class="box__category-name-inner"><span class="category_name">전체</span></div></div></a></li><li class="list-item"><a href="best@categoryCode=100000000.html"><div class="img_sec"><img data-src="https://image.gmarket.co.kr/hanbando/202209/2f7e5c38-9606-4f1a-912e-f969e22f430f.jpg" class="swiper-lazy" alt=""/></div><div class="box__category-name"><div class="box__category-name-inner"><span class="category_name">정육/계란</span></div></div></a></li><li class="list-item"><a href="best@categoryCode=100001005.html"><div class="img_sec"><img data-src="https://image.gmarket.co.kr/hanbando/202207/efc9fa9b-b4d8-4eb4-b44d-dc8a47a8c00a.jpg" class="swiper-lazy" alt=""/></div><div class="box__category-name"><div class="box__category-name-inner"><span class="category_name">과일</span></div></div></a></li><li class="list-item"><a href="best@categoryCode=100001006.html"><div class="img_sec"><img data-src="https://image.gmarket.co.kr/hanbando/202207/287cdcc7-47f4-4949-8cdf-2bfb4ff5522e.jpg" class="swiper-lazy" alt=""/></div><div class="box__category-name"><div class="box__category-name-inner"><span class="category_name">냉동/간편식</span></div></div></a></li><li class="list-item list-item--active"><a aria-current="page" href="best@categoryCode=100001007.html"><div class="img_sec"><img data-src="https://image.gmarket.co.kr/hanbando/202207/92c7e264-61a8-4e11-ab2b-d3ad8a7b3ab6.jpg" class="swiper-lazy" alt=""/></div><div class="box__category-name"><div class="box__category-name-inner"><span class="category_name">쌀/잡곡</span></div></div></a></li><li class="list-item"><a href="best@categoryCode=100001008.html"><div class="img_sec"><img data-src="https://image.gmarket.co.kr/hanbando/202209/eb8b0652-724b-465a-800a-49436a3f5435.jpg" class="swiper-lazy" alt=""/></div><div class="box__category-name"><div class="box__category-name-inner"><span class="category_name">채소/두부</span></div></div></a></li><li class="list-item"><a href="best@categoryCode=100001010.html"><div class="img_sec"><img data-src="https://image.gmarket.co.kr/hanbando/202207/9ac23369-57e8-4299-889a-4f5360cd3c28.jpg" class="swiper-lazy" alt=""/></div><div class="box__category-name"><div class="box__category-name-inner"><span class="category_name">라면/즉석식품</span></div></div></a></li><li class="list-item"><a href="best@categoryCode=100001032.html"><div class="img_sec"><img data-src="https://image.gmarket.co.kr/hanbando/202207/a28bdf02-b436-4466-88de-d8f11ca54296.jpg" class="swiper-lazy" alt=""/></div><div class="box__category-name"><div class="box__category-name-inner"><span class="category_name">생수/음료</span></div></div></a></li><li class="list-item"><a href="best@categoryCode=100001033.html"><div class="img_sec"><img data-src="https://image.gmarket.co.kr/hanbando/202207/fd43d2b2-4f77-4e2c-b5da-58d24b91d95b.jpg" class="swiper-lazy" alt=""/></div><div class="box__category-name"><div class="box__category-name-inner"><span class="category_name">과자/아이스크림</span></div></div></a></li><li class="list-item"><a href="best@categoryCode=100001034.html"><div class="img_sec"><img data-src="https://image.gmarket.co.kr/hanbando/202207/f5f1f7ed-e6a5-4ecd-ac66-aa87756158c2.jpg" class="swiper-lazy" alt=""/></div><div class="box__category-name"><div class="box__category-name-inner"><span class="category_name">우유/유제품</span></div></div></a></li></ul></div><div class="swiper-slide"><ul class="category_slide" aria-label="스마일프레시 베스트 메뉴"><li class="list-item"><a href="best@categoryCode=100001035.html"><div class="img_sec"><img data-src="https://image.gmarket.co.kr/hanbando/202207/089a0e40-92de-4a0e-a8cb-2a18f78c5691.jpg" class="swiper-lazy" alt=""/></div><div class="box__category-name"><div class="box__category-name-inner"><span class="category_name">장류/양념</span></div></div></a></li><li class="list-item"><a href="best@categoryCode=100001036.html"><div class="img_sec"><img data-src="https://image.gmarket.co.kr/hanbando/202207/a5b62bcd-46b5-4059-bb1b-e01878b77ef4.jpg" class="swiper-lazy" alt=""/></div><div class="box__category-name"><div class="box__category-name-inner"><span class="category_name">화장지/위생</span></div></div></a></li><li class="list-item"><a href="best@categoryCode=100001037.html"><div class="img_sec"><img data-src="https://image.gmarket.co.kr/hanbando/202207/c5b6a09a-4955-4829-94d6-c62f818f2f34.jpg" class="swiper-lazy" alt=""/></div><div class="box__category-name"><div class="box__category-name-inner"><span class="category_name">커피/차</span></div></div></a></li><li class="list-item"><a href="best@categoryCode=100001038.html"><div class="img_sec"><img data-src="https://image.gmarket.co.kr/hanbando/202207/23143aa7-715d-4778-8b1e-ab87422a8d3a.jpg" class="swiper-lazy" alt=""/></div><div class="box__category-name"><div class="box__category-name-inner"><span class="category_name">수산물</span></div></div></a></li><li class="list-item"><a href="best@categoryCode=100001039.html"><div class="img_sec"><img data-src="https://image.gmarket.co.kr/hanbando/202207/85d41348-f077-4b90-b0ff-3599d16216b2.jpg" class="swiper-lazy" alt=""/></div><div class="box__category-name"><div class="box__category-name-inner"><span class="category_name">밀키트/반찬</span></div></div></a></li><li class="list-item"><a href="best@categoryCode=100002000.html"><div class="img_sec"><img data-src="https://image.gmarket.co.kr/hanbando/202208/ea1ecb73-6a2c-45f7-8a89-2e130b634a99.jpg" class="swiper-lazy" alt=""/></div><div class="box__category-name"><div class="box__category-name-inner"><span class="category_name">베이커리/잼</span></div></div></a></li><li class="list-item"><a href="best@categoryCode=100002001.html"><div class="img_sec"><img data-src="https://image.gmarket.co.kr/hanbando/202208/7088de74-301b-48ef-911c-f33ed6a22f9b.jpg" class="swiper-lazy" alt=""/></div><div class="box__category-name"><div class="box__category-name-inner"><span class="category_name">건강식품</span></div></div></a></li><li class="list-item"><a href="best@categoryCode=100002002.html"><div class="img_sec"><img data-src="https://image.gmarket.co.kr/hanbando/202208/39888525-4f61-453f-865c-83b6ca536b58.jpg" class="swiper-lazy" alt=""/></div><div class="box__category-name"><div class="box__category-name-inner"><span class="category_name">세탁/청소/욕실용품</span></div></div></a></li><li class="list-item"><a href="best@categoryCode=100002003.html"><div class="img_sec"><img data-src="https://image.gmarket.co.kr/hanbando/202208/a9484e1d-492e-4ab4-84db-1a387177dcbf.jpg" class="swiper-lazy" alt=""/></div><div class="box__category-name"><div class="box__category-name-inner"><span class="category_name">리빙</span></div></div></a></li><li class="list-item"><a href="best@categoryCode=100002004.html"><div class="img_sec"><img data-src="https://image.gmarket.co.kr/hanbando/202208/e0d7614a-763e-4d90-b696-b20c76e890ca.jpg" class="swiper-lazy" alt=""/></div><div class="box__category-name"><div class="box__category-name-inner"><span class="category_name">주방/일회용품</span></div></div></a></li><li class="list-item"><a href="best@categoryCode=100002005.html"><div class="img_sec"><img data-src="https://image.gmarket.co.kr/hanbando/202208/231a3b36-5d05-467d-a33a-8651b9cf19c6.jpg" class="swiper-lazy" alt=""/></div><div class="box__category-name"><div class="box__category-name-inner"><span class="category_name">생활잡화/공구</span></div></div></a></li><li class="list-item"><a href="best@categoryCode=100002006.html"><div class="img_sec"><img data-src="https://image.gmarket.co.kr/hanbando/202208/692a0b18-2063-4f86-a0af-3f7bbee09696.jpg" class="swiper-lazy" alt=""/></div><div class="box__category-name"><div class="box__category-name-inner"><span class="category_name">반려동물</span></div></div></a></li></ul></div><div class="swiper-slide"><ul class="category_slide" aria-label="스마일프레시 베스트 메뉴"><li class="list-item"><a href="best@categoryCode=100002007.html"><div class="img_sec"><img data-src="https://image.gmarket.co.kr/hanbando/202208/ba755a2e-4a11-472c-92f0-6b82f671b1f8.jpg" class="swiper-lazy" alt=""/></div><div class="box__category-name"><div class="box__category-name-inner"><span class="category_name">뷰티</span></div></div></a></li><li class="list-item"><a href="best@categoryCode=100002008.html"><div class="img_sec"><img data-src="https://image.gmarket.co.kr/hanbando/202208/fd6fb0fe-4f81-48ea-bec2-5cc37db6fa18.jpg" class="swiper-lazy" alt=""/></div><div class="box__category-name"><div class="box__category-name-inner"><span class="category_name">유아동/출산/완구</span></div></div></a></li><li class="list-item"><a href="best@categoryCode=100002009.html"><div class="img_sec"><img data-src="https://image.gmarket.co.kr/hanbando/202208/315ccf35-b333-4017-b664-ccb1ba966ef0.jpg" class="swiper-lazy" alt=""/></div><div class="box__category-name"><div class="box__category-name-inner"><span class="category_name">패션/언더웨어</span></div></div></a></li><li class="list-item"><a href="best@categoryCode=100002010.html"><div class="img_sec"><img data-src="https://image.gmarket.co.kr/hanbando/202208/30fc0d1d-ea15-4e02-8f50-f144d06423ca.jpg" class="swiper-lazy" alt=""/></div><div class="box__category-name"><div class="box__category-name-inner"><span class="category_name">잡화/슈즈/명품</span></div></div></a></li><li class="list-item"><a href="best@categoryCode=100002011.html"><div class="img_sec"><img data-src="https://image.gmarket.co.kr/hanbando/202208/fa99b668-5f13-496e-a62d-dce329ead7cc.jpg" class="swiper-lazy" alt=""/></div><div class="box__category-name"><div class="box__category-name-inner"><span class="category_name">스포츠/레저/자동차</span></div></div></a></li><li class="list-item"><a href="best@categoryCode=100002012.html"><div class="img_sec"><img data-src="https://image.gmarket.co.kr/hanbando/202208/f38a6d26-1cc0-4b33-bf23-f933c2190252.jpg" class="swiper-lazy" alt=""/></div><div class="box__category-name"><div class="box__category-name-inner"><span class="category_name">디지털/가전</span></div></div></a></li><li class="list-item"><a href="best@categoryCode=100002013.html"><div class="img_sec"><img data-src="https://image.gmarket.co.kr/hanbando/202208/edd14751-f54a-48ff-ae9a-15a33b10c06c.jpg" class="swiper-lazy" alt=""/></div><div class="box__category-name"><div class="box__category-name-inner"><span class="category_name">문구/취미/도서</span></div></div></a></li><li class="list-item"><a href="best.html"><div class="img_sec"><img data-src="//pics.gmarket.co.kr/pc/single/kr/smilefresh/image__category-all.png" class="swiper-lazy" alt=""/></div><div class="box__category-name"><div class="box__category-name-inner"><span class="category_name">전체</span></div></div></a></li><li class="list-item"><a href="best@categoryCode=100000000.html"><div class="img_sec"><img data-src="https://image.gmarket.co.kr/hanbando/202209/2f7e5c38-9606-4f1a-912e-f969e22f430f.jpg" class="swiper-lazy" alt=""/></div><div class="box__category-name"><div class="box__category-name-inner"><span class="category_name">정육/계란</span></div></div></a></li><li class="list-item"><a href="best@categoryCode=100001005.html"><div class="img_sec"><img data-src="https://image.gmarket.co.kr/hanbando/202207/efc9fa9b-b4d8-4eb4-b44d-dc8a47a8c00a.jpg" class="swiper-lazy" alt=""/></div><div class="box__category-name"><div class="box__category-name-inner"><span class="category_name">과일</span></div></div></a></li><li class="list-item"><a href="best@categoryCode=100001006.html"><div class="img_sec"><img data-src="https://image.gmarket.co.kr/hanbando/202207/287cdcc7-47f4-4949-8cdf-2bfb4ff5522e.jpg" class="swiper-lazy" alt=""/></div><div class="box__category-name"><div class="box__category-name-inner"><span class="category_name">냉동/간편식</span></div></div></a></li><li class="list-item list-item--active"><a aria-current="page" href="best@categoryCode=100001007.html"><div class="img_sec"><img data-src="https://image.gmarket.co.kr/hanbando/202207/92c7e264-61a8-4e11-ab2b-d3ad8a7b3ab6.jpg" class="swiper-lazy" alt=""/></div><div class="box__category-name"><div class="box__category-name-inner"><span class="category_name">쌀/잡곡</span></div></div></a></li></ul></div><div class="swiper-slide"><ul class="category_slide" aria-label="스마일프레시 베스트 메뉴"><li class="list-item"><a href="best@categoryCode=100001008.html"><div class="img_sec"><img data-src="https://image.gmarket.co.kr/hanbando/202209/eb8b0652-724b-465a-800a-49436a3f5435.jpg" class="swiper-lazy" alt=""/></div><div class="box__category-name"><div class="box__category-name-inner"><span class="category_name">채소/두부</span></div></div></a></li><li class="list-item"><a href="best@categoryCode=100001010.html"><div class="img_sec"><img data-src="https://image.gmarket.co.kr/hanbando/202207/9ac23369-57e8-4299-889a-4f5360cd3c28.jpg" class="swiper-lazy" alt=""/></div><div class="box__category-name"><div class="box__category-name-inner"><span class="category_name">라면/즉석식품</span></div></div></a></li><li class="list-item"><a href="best@categoryCode=100001032.html"><div class="img_sec"><img data-src="https://image.gmarket.co.kr/hanbando/202207/a28bdf02-b436-4466-88de-d8f11ca54296.jpg" class="swiper-lazy" alt=""/></div><div class="box__category-name"><div class="box__category-name-inner"><span class="category_name">생수/음료</span></div></div></a></li><li class="list-item"><a href="best@categoryCode=100001033.html"><div class="img_sec"><img data-src="https://image.gmarket.co.kr/hanbando/202207/fd43d2b2-4f77-4e2c-b5da-58d24b91d95b.jpg" class="swiper-lazy" alt=""/></div><div class="box__category-name"><div class="box__category-name-inner"><span class="category_name">과자/아이스크림</span></div></div></a></li><li class="list-item"><a href="best@categoryCode=100001034.html"><div class="img_sec"><img data-src="https://image.gmarket.co.kr/hanbando/202207/f5f1f7ed-e6a5-4ecd-ac66-aa87756158c2.jpg" class="swiper-lazy" alt=""/></div><div class="box__category-name"><div class="box__category-name-inner"><span class="category_name">우유/유제품</span></div></div></a></li><li class="list-item"><a href="best@categoryCode=100001035.html"><div class="img_sec"><img data-src="https://image.gmarket.co.kr/hanbando/202207/089a0e40-92de-4a0e-a8cb-2a18f78c5691.jpg" class="swiper-lazy" alt=""/></div><div class="box__category-name"><div class="box__category-name-inner"><span class="category_name">장류/양념</span></div></div></a></li><li class="list-item"><a href="best@categoryCode=100001036.html"><div class="img_sec"><img data-src="https://image.gmarket.co.kr/hanbando/202207/a5b62bcd-46b5-4059-bb1b-e01878b77ef4.jpg" class="swiper-lazy" alt=""/></div><div class="box__category-name"><div class="box__category-name-inner"><span class="category_name">화장지/위생</span></div></div></a></li><li class="list-item"><a href="best@categoryCode=100001037.html"><div class="img_sec"><img data-src="https://image.gmarket.co.kr/hanbando/202207/c5b6a09a-4955-4829-94d6-c62f818f2f34.jpg" class="swiper-lazy" alt=""/></div><div class="box__category-name"><div class="box__category-name-inner"><span class="category_name">커피/차</span></div></div></a></li><li class="list-item"><a href="best@categoryCode=100001038.html"><div class="img_sec"><img data-src="https://image.gmarket.co.kr/hanbando/202207/23143aa7-715d-4778-8b1e-ab87422a8d3a.jpg" class="swiper-lazy" alt=""/></div><div class="box__category-name"><div class="box__category-name-inner"><span class="category_name">수산물</span></div></div></a></li><li class="list-item"><a href="best@categoryCode=100001039.html"><div class="img_sec"><img data-src="https://image.gmarket.co.kr/hanbando/202207/85d41348-f077-4b90-b0ff-3599d16216b2.jpg" class="swiper-lazy" alt=""/></div><div class="box__category-name"><div class="box__category-name-inner"><span class="category_name">밀키트/반찬</span></div></div></a></li><li class="list-item"><a href="best@categoryCode=100002000.html"><div class="img_sec"><img data-src="https://image.gmarket.co.kr/hanbando/202208/ea1ecb73-6a2c-45f7-8a89-2e130b634a99.jpg" class="swiper-lazy" alt=""/></div><div class="box__category-name"><div class="box__category-name-inner"><span class="category_name">베이커리/잼</span></div></div></a></li><li class="list-item"><a href="best@categoryCode=100002001.html"><div class="img_sec"><img data-src="https://image.gmarket.co.kr/hanbando/202208/7088de74-301b-48ef-911c-f33ed6a22f9b.jpg" class="swiper-lazy" alt=""/></div><div class="box__category-name"><div class="box__category-name-inner"><span class="category_name">건강식품</span></div></div></a></li></ul></div><div class="swiper-slide"><ul class="category_slide" aria-label="스마일프레시 베스트 메뉴"><li class="list-item"><a href="best@categoryCode=100002002.html"><div class="img_sec"><img data-src="https://image.gmarket.co.kr/hanbando/202208/39888525-4f61-453f-865c-83b6ca536b58.jpg" class="swiper-lazy" alt=""/></div><div class="box__category-name"><div class="box__category-name-inner"><span class="category_name">세탁/청소/욕실용품</span></div></div></a></li><li class="list-item"><a href="best@categoryCode=100002003.html"><div class="img_sec"><img data-src="https://image.gmarket.co.kr/hanbando/202208/a9484e1d-492e-4ab4-84db-1a387177dcbf.jpg" class="swiper-lazy" alt=""/></div><div class="box__category-name"><div class="box__category-name-inner"><span class="category_name">리빙</span></div></div></a></li><li class="list-item"><a href="best@categoryCode=100002004.html"><div class="img_sec"><img data-src="https://image.gmarket.co.kr/hanbando/202208/e0d7614a-763e-4d90-b696-b20c76e890ca.jpg" class="swiper-lazy" alt=""/></div><div class="box__category-name"><div class="box__category-name-inner"><span class="category_name">주방/일회용품</span></div></div></a></li><li class="list-item"><a href="best@categoryCode=100002005.html"><div class="img_sec"><img data-src="https://image.gmarket.co.kr/hanbando/202208/231a3b36-5d05-467d-a33a-8651b9cf19c6.jpg" class="swiper-lazy" alt=""/></div><div class="box__category-name"><div class="box__category-name-inner"><span class="category_name">생활잡화/공구</span></div></div></a></li><li class="list-item"><a href="best@categoryCode=100002006.html"><div class="img_sec"><img data-src="https://image.gmarket.co.kr/hanbando/202208/692a0b18-2063-4f86-a0af-3f7bbee09696.jpg" class="swiper-lazy" alt=""/></div><div class="box__category-name"><div class="box__category-name-inner"><span class="category_name">반려동물</span></div></div></a></li><li class="list-item"><a href="best@categoryCode=100002007.html"><div class="img_sec"><img data-src="https://image.gmarket.co.kr/hanbando/202208/ba755a2e-4a11-472c-92f0-6b82f671b1f8.jpg" class="swiper-lazy" alt=""/></div><div class="box__category-name"><div class="box__category-name-inner"><span class="category_name">뷰티</span></div></div></a></li><li class="list-item"><a href="best@categoryCode=100002008.html"><div class="img_sec"><img data-src="https://image.gmarket.co.kr/hanbando/202208/fd6fb0fe-4f81-48ea-bec2-5cc37db6fa18.jpg" class="swiper-lazy" alt=""/></div><div class="box__category-name"><div class="box__category-name-inner"><span class="category_name">유아동/출산/완구</span></div></div></a></li><li class="list-item"><a href="best@categoryCode=100002009.html"><div class="img_sec"><img data-src="https://image.gmarket.co.kr/hanbando/202208/315ccf35-b333-4017-b664-ccb1ba966ef0.jpg" class="swiper-lazy" alt=""/></div><div class="box__category-name"><div class="box__category-name-inner"><span class="category_name">패션/언더웨어</span></div></div></a></li><li class="list-item"><a href="best@categoryCode=100002010.html"><div class="img_sec"><img data-src="https://image.gmarket.co.kr/hanbando/202208/30fc0d1d-ea15-4e02-8f50-f144d06423ca.jpg" class="swiper-lazy" alt=""/></div><div class="box__category-name"><div class="box__category-name-inner"><span class="category_name">잡화/슈즈/명품</span></div></div></a></li><li class="list-item"><a href="best@categoryCode=100002011.html"><div class="img_sec"><img data-src="https://image.gmarket.co.kr/hanbando/202208/fa99b668-5f13-496e-a62d-dce329ead7cc.jpg" class="swiper-lazy" alt=""/></div><div class="box__category-name"><div class="box__category-name-inner"><span class="category_name">스포츠/레저/자동차</span></div></div></a></li><li class="list-item"><a href="best@categoryCode=100002012.html"><div class="img_sec"><img data-src="https://image.gmarket.co.kr/hanbando/202208/f38a6d26-1cc0-4b33-bf23-f933c2190252.jpg" class="swiper-lazy" alt=""/></div><div class="box__category-name"><div class="box__category-name-inner"><span class="category_name">디지털/가전</span></div></div></a></li><li class="list-item"><a href="best@categoryCode=100002013.html"><div class="img_sec"><img data-src="https://image.gmarket.co.kr/hanbando/202208/edd14751-f54a-48ff-ae9a-15a33b10c06c.jpg" class="swiper-lazy" alt=""/></div><div class="box__category-name"><div class="box__category-name-inner"><span class="category_name">문구/취미/도서</span></div></div></a></li></ul></div></div></div></div><div class="nav"><button type="button" class="sprite__smilefresh swiper-button-prev prev" aria-label="이전 슬라이드"></button><button type="button" class="sprite__smilefresh swiper-button-next next" aria-label="다음 슬라이드"></button></div></div></div></div><div class="box__smilefresh-inner"><div class="box__itemcard"><div class="box__items-list"><ul class="list__itemcard-slide"><li class="list-item"><div class="box__itemcard-container"><div class="box__itemcard-body"><div class="box__itemcard-inner"><span class="box__thumbnail__label">1</span><a class="link__itemcard" href="https://item.gmarket.co.kr/Item?goodscode=3714977969" tabindex="-1" aria-hidden="true"><span class="box__itemcard-img"><img class="image__itemcard no-js-400?ver=1725238824" src="data:image/gif;base64,R0lGODlhAQABAIAAAP///wAAACH5BAEAAAAALAAAAAABAAEAAAICRAEAOw==" alt="특가 이맛쌀 20kg - 상품 이미지"/><noscript><style>.no-js-400?ver=1725238824 { display: none !important; }</style><img class="image__itemcard" src="https://gdimg.gmarket.co.kr/3714977969/still/400?ver=1725238824" alt="특가 이맛쌀 20kg - 상품 이미지"/></noscript></span></a><div class="box__itemcard-info"><div class="box__element-info"><div class="element-info-qty"><button aria-describedby="itemCard_title_3714977969" class="sprite__smilefresh--before element-info-qty-minus" aria-disabled="true"><span class="for-a11y">상품 수 <!-- -->1<!-- --> 감소</span></button><span class="element-info-item-qty" aria-describedby="itemCard_title_3714977969"><span class="for-a11y">선택된 수량</span> <!-- -->1</span><button aria-describedby="itemCard_title_3714977969" class="sprite__smilefresh--before element-info-qty-plus"><span class="for-a11y">상품 수 <!-- -->1<!-- --> 증가</span></button></div><button type="button" class="sprite__smilefresh--before element-info-cart" aria-describedby="itemCard_title_3714977969"><span class="for-a11y">장바구니 담기</span></button></div><a href="https://item.gmarket.co.kr/Item?goodscode=3714977969" class="link__itemcard-info"><span class="box__itemcard-title-area" id="itemCard_title_3714977969"><span class="text__title" id="item_title">특가 이맛쌀 20kg</span></span><span class="box__itemcard-price-area"><span class="box__price-seller"><span class="for-a11y">판매가</span><strong class="text__price-seller">42,680</strong><span class="text__unit">원</span></span><span class="box__prime-cost"><span class="for-a11y">원가</span><strong class="text__dc-rate">8<!-- -->%</strong><span class="text__prime-cost">46,900<span class="text__unit">원</span></span></span></span><span class="box__itemcard-info-score"><span class="sprite__smilefresh--before box__score-awards"><span class="for-a11y">평점</span><span class="text text__score">4.8</span><span class="for-a11y">후기</span><span class="text text__num">(9,157)</span><span class="for-a11y">건</span></span><span class="box__score-buycnt"><span class="text text__buy">구매</span><span class="text text__num">24,135</span><span class="for-a11y">건</span></span></span><span class="box__itemcard-benefit-tag"><span class="box__tag box__tag-coupon"><span class="sprite__smilefresh--before box__inner">15% 쿠폰</span></span></span></a><button type="button" class="sprite__smilefresh--after button__favorite-item" aria-describedby="itemCard_title_3714977969" aria-pressed="false" aria-label="관심상품 등록하기"></button></div></div></div></div></li><li class="list-item"><div class="box__itemcard-container"><div class="box__itemcard-body"><div class="box__itemcard-inner"><span class="box__thumbnail__label">2</span><a class="link__itemcard" href="https://item.gmarket.co.kr/Item?goodscode=3805386240" tabindex="-1" aria-hidden="true"><span class="box__itemcard-img"><img class="image__itemcard no-js-400?ver=1725238823" src="data:image/gif;base64,R0lGODlhAQABAIAAAP///wAAACH5BAEAAAAALAAAAAABAAEAAAICRAEAOw==" alt="특가 이맛쌀 10kg - 상품 이미지"/><noscript><style>.no-js-400?ver=1725238823 { display: none !important; }</style><img class="image__itemcard" src="https://gdimg.gmarket.co.kr/3805386240/still/400?ver=1725238823" alt="특가 이맛쌀 10kg - 상품 이미지"/></noscript></span></a><div class="box__itemcard-info"><div class="box__element-info"><div class="element-info-qty"><button aria-describedby="itemCard_title_3805386240" class="sprite__smilefresh--before element-info-qty-minus" aria-disabled="true"><span class="for-a11y">상품 수 <!-- -->1<!-- --> 감소</span></button><span class="element-info-item-qty" aria-describedby="itemCard_title_3805386240"><span class="for-a11y">선택된 수량</span> <!-- -->1</span><button aria-describedby="itemCard_title_3805386240" class="sprite__smilefresh--before element-info-qty-plus"><span class="for-a11y">상품 수 <!-- -->1<!-- --> 증가</span></button></div><button type="button" class="sprite__smilefresh--before element-info-cart" aria-describedby="itemCard_title_3805386240"><span class="for-a11y">장바구니 담기</span></button></div><a href="https://item.gmarket.co.kr/Item?goodscode=3805386240" class="link__itemcard-info"><span class="box__itemcard-title-area" id="itemCard_title_3805386240"><span class="text__title" id="item_title">특가 이맛쌀 10kg</span></span><span class="box__itemcard-price-area"><span class="box__price-seller"><span class="for-a11y">판매가</span><strong class="text__price-seller">22,910</strong><span class="text__unit">원</span></span><span class="box__prime-cost"><span class="for-a11y">원가</span><strong class="text__dc-rate">7<!-- -->%</strong><span class="text__prime-cost">24,900<span class="text__unit">원</span></span></span></span><span class="box__itemcard-info-score"><span class="sprite__smilefresh--before box__score-awards"><span class="for-a11y">평점</span><span class="text text__score">4.8</span><span class="for-a11y">후기</span><span class="text text__num">(2,655)</span><span class="for-a11y">건</span></span><span class="box__score-buycnt"><span class="text text__buy">구매</span><span class="text text__num">6,280</span><span class="for-a11y">건</span></span></span><span class="box__itemcard-benefit-tag"><span class="box__tag box__tag-coupon"><span class="sprite__smilefresh--before box__inner">15% 쿠폰</span></span></span></a><button type="button" class="sprite__smilefresh--after button__favorite-item" aria-describedby="itemCard_title_3805386240" aria-pressed="false" aria-label="관심상품 등록하기"></button></div></div></div></div></li><li class="list-item"><div class="box__itemcard-container"><div class="box__itemcard-body"><div class="box__itemcard-inner"><span class="box__thumbnail__label">3</span><a class="link__itemcard" href="https://item.gmarket.co.kr/Item?goodscode=3614618425" tabindex="-1" aria-hidden="true"><span class="box__itemcard-img"><img class="image__itemcard no-js-400?ver=1725139469" src="data:image/gif;base64,R0lGODlhAQABAIAAAP///wAAACH5BAEAAAAALAAAAAABAAEAAAICRAEAOw==" alt="이맛쌀 20kg - 상품 이미지"/><noscript><style>.no-js-400?ver=1725139469 { display: none !important; }</style><img class="image__itemcard" src="https://gdimg.gmarket.co.kr/3614618425/still/400?ver=1725139469" alt="이맛쌀 20kg - 상품 이미지"/></noscript></span></a><div class="box__itemcard-info"><div class="box__element-info"><div class="element-info-qty"><button aria-describedby="itemCard_title_3614618425" class="sprite__smilefresh--before element-info-qty-minus" aria-disabled="true"><span class="for-a11y">상품 수 <!-- -->1<!-- --> 감소</span></button><span class="element-info-item-qty" aria-describedby="itemCard_title_3614618425"><span class="for-a11y">선택된 수량</span> <!-- -->1</span><button aria-describedby="itemCard_title_3614618425" class="sprite__smilefresh--before element-info-qty-plus"><span class="for-a11y">상품 수 <!-- -->1<!-- --> 증가</span></button></div><button type="button" class="sprite__smilefresh--before element-info-cart" aria-describedby="itemCard_title_3614618425"><span class="for-a11y">장바구니 담기</span></button></div><a href="https://item.gmarket.co.kr/Item?goodscode=3614618425" class="link__itemcard-info"><span class="box__itemcard-title-area" id="itemCard_title_3614618425"><span class="text__title" id="item_title">이맛쌀 20kg</span></span><span class="box__itemcard-price-area"><span class="box__price-seller"><span class="for-a11y">판매가</span><strong class="text__price-seller">42,680</strong><span class="text__unit">원</span></span><span class="box__prime-cost"><span class="for-a11y">원가</span><strong class="text__dc-rate">8<!-- -->%</strong><span class="text__prime-cost">46,900<span class="text__unit">원</span></span><span class="text__unit-cost">(<!-- -->100g당 213원<!-- -->)</span></span></span><span class="box__itemcard-info-score"><span class="sprite__smilefresh--before box__score-awards"><span class="for-a11y">평점</span><span class="text text__score">4.8</span><span class="for-a11y">후기</span><span class="text text__num">(1,930)</span><span class="for-a11y">건</span></span><span class="box__score-buycnt"><span class="text text__buy">구매</span><span class="text text__num">5,392</span><span class="for-a11y">건</span></span></span><span class="box__itemcard-benefit-tag"><span class="box__tag box__tag-coupon"><span class="sprite__smilefresh--before box__inner">15% 쿠폰</span></span></span></a><button type="button" class="sprite__smilefresh--after button__favorite-item" aria-describedby="itemCard_title_3614618425" aria-pressed="false" aria-label="관심상품 등록하기"></button></div></div></div></div></li><li class="list-item"><div class="box__itemcard-container"><div class="box__itemcard-body"><div class="box__itemcard-inner"><span class="box__thumbnail__label">4</span><a class="link__itemcard" href="https://item.gmarket.co.kr/Item?goodscode=2517911562" tabindex="-1" aria-hidden="true"><span class="box__itemcard-img"><img class="image__itemcard no-js-400?ver=1725088536" src="data:image/gif;base64,R0lGODlhAQABAIAAAP///wAAACH5BAEAAAAALAAAAAABAAEAAAICRAEAOw==" alt="한눈에 반한 쌀 10kg - 상품 이미지"/><noscript><style>.no-js-400?ver=1725088536 { display: none !important; }</style><img class="image__itemcard" src="https://gdimg.gmarket.co.kr/2517911562/still/400?ver=1725088536" alt="한눈에 반한 쌀 10kg - 상품 이미지"/></noscript></span></a><div class="box__itemcard-info"><div class="box__element-info"><div class="element-info-qty"><button aria-describedby="itemCard_title_2517911562" class="sprite__smilefresh--before element-info-qty-minus" aria-disabled="true"><span class="for-a11y">상품 수 <!-- -->1<!-- --> 감소</span></button><span class="element-info-item-qty" aria-describedby="itemCard_title_2517911562"><span class="for-a11y">선택된 수량</span> <!-- -->1</span><button aria-describedby="itemCard_title_2517911562" class="sprite__smilefresh--before element-info-qty-plus"><span class="for-a11y">상품 수 <!-- -->1<!-- --> 증가</span></button></div><button type="button" class="sprite__smilefresh--before element-info-cart" aria-describedby="itemCard_title_2517911562"><span class="for-a11y">장바구니 담기</span></button></div><a href="https://item.gmarket.co.kr/Item?goodscode=2517911562" class="link__itemcard-info"><span class="box__itemcard-title-area" id="itemCard_title_2517911562"><span class="text__title" id="item_title">한눈에 반한 쌀 10kg</span></span><span class="box__itemcard-price-area"><span class="box__price-seller"><span class="for-a11y">판매가</span><strong class="text__price-seller">39,900</strong><span class="text__unit">원</span></span><span class="box__prime-cost"><span class="for-a11y">원가</span><span class="text__unit-cost">(<!-- -->100g당 399원<!-- -->)</span></span></span><span class="box__itemcard-info-score"><span class="sprite__smilefresh--before box__score-awards"><span class="for-a11y">평점</span><span class="text text__score">4.8</span><span class="for-a11y">후기</span><span class="text text__num">(1,315)</span><span class="for-a11y">건</span></span><span class="box__score-buycnt"><span class="text text__buy">구매</span><span class="text text__num">5,790</span><span class="for-a11y">건</span></span></span><span class="box__itemcard-benefit-tag"><span class="box__tag box__tag-coupon"><span class="sprite__smilefresh--before box__inner">15% 쿠폰</span></span></span></a><button type="button" class="sprite__smilefresh--after button__favorite-item" aria-describedby="itemCard_title_2517911562" aria-pressed="false" aria-label="관심상품 등록하기"></button></div></div></div></div></li><li class="list-item"><div class="box__itemcard-container"><div class="box__itemcard-body"><div class="box__itemcard-inner"><span class="box__thumbnail__label">5</span><a class="link__itemcard" href="https://item.gmarket.co.kr/Item?goodscode=2640066685" tabindex="-1" aria-hidden="true"><span class="box__itemcard-img"><img class="image__itemcard no-js-400?ver=1725125981" src="data:image/gif;base64,R0lGODlhAQABAIAAAP///wAAACH5BAEAAAAALAAAAAABAAEAAAICRAEAOw==" alt="이맛쌀 현미5kg - 상품 이미지"/><noscript><style>.no-js-400?ver=1725125981 { display: none !important; }</style><img class="image__itemcard" src="https://gdimg.gmarket.co.kr/2640066685/still/400?ver=1725125981" alt="이맛쌀 현미5kg - 상품 이미지"/></noscript></span></a><div class="box__itemcard-info"><div class="box__element-info"><div class="element-info-qty"><button aria-describedby="itemCard_title_2640066685" class="sprite__smilefresh--before element-info-qty-minus" aria-disabled="true"><span class="for-a11y">상품 수 <!-- -->1<!-- --> 감소</span></button><span class="element-info-item-qty" aria-describedby="itemCard_title_2640066685"><span class="for-a11y">선택된 수량</span> <!-- -->1</span><button aria-describedby="itemCard_title_2640066685" class="sprite__smilefresh--before element-info-qty-plus"><span class="for-a11y">상품 수 <!-- -->1<!-- --> 증가</span></button></div><button type="button" class="sprite__smilefresh--before element-info-cart" aria-describedby="itemCard_title_2640066685"><span class="for-a11y">장바구니 담기</span></button></div><a href="https://item.gmarket.co.kr/Item?goodscode=2640066685" class="link__itemcard-info"><span class="box__itemcard-title-area" id="itemCard_title_2640066685"><span class="text__title" id="item_title">이맛쌀 현미5kg</span></span><span class="box__itemcard-price-area"><span class="box__price-seller"><span class="for-a11y">판매가</span><strong class="text__price-seller">12,900</strong><span class="text__unit">원</span></span><span class="box__prime-cost"><span class="for-a11y">원가</span><span class="text__unit-cost">(<!-- -->100g당 258원<!-- -->)</span></span></span><span class="box__itemcard-info-score"><span class="sprite__smilefresh--before box__score-awards"><span class="for-a11y">평점</span><span class="text text__score">4.8</span><span class="for-a11y">후기</span><span class="text text__num">(5,348)</span><span class="for-a11y">건</span></span><span class="box__score-buycnt"><span class="text text__buy">구매</span><span class="text text__num">11,873</span><span class="for-a11y">건</span></span></span><span class="box__itemcard-benefit-tag"><span class="box__tag box__tag-coupon"><span class="sprite__smilefresh--before box__inner">15% 쿠폰</span></span></span></a><button type="button" class="sprite__smilefresh--after button__favorite-item" aria-describedby="itemCard_title_2640066685" aria-pressed="false" aria-label="관심상품 등록하기"></button></div></div></div></div></li><li class="list-item"><div class="box__itemcard-container"><div class="box__itemcard-body"><div class="box__itemcard-inner"><span class="box__thumbnail__label">6</span><a class="link__itemcard" href="https://item.gmarket.co.kr/Item?goodscode=2518517109" tabindex="-1" aria-hidden="true"><span class="box__itemcard-img"><img class="image__itemcard no-js-400?ver=1725107248" src="data:image/gif;base64,R0lGODlhAQABAIAAAP///wAAACH5BAEAAAAALAAAAAABAAEAAAICRAEAOw==" alt="2023년산파주 참드림쌀 10kg - 상품 이미지"/><noscript><style>.no-js-400?ver=1725107248 { display: none !important; }</style><img class="image__itemcard" src="https://gdimg.gmarket.co.kr/2518517109/still/400?ver=1725107248" alt="2023년산파주 참드림쌀 10kg - 상품 이미지"/></noscript></span></a><div class="box__itemcard-info"><div class="box__element-info"><div class="element-info-qty"><button aria-describedby="itemCard_title_2518517109" class="sprite__smilefresh--before element-info-qty-minus" aria-disabled="true"><span class="for-a11y">상품 수 <!-- -->1<!-- --> 감소</span></button><span class="element-info-item-qty" aria-describedby="itemCard_title_2518517109"><span class="for-a11y">선택된 수량</span> <!-- -->1</span><button aria-describedby="itemCard_title_2518517109" class="sprite__smilefresh--before element-info-qty-plus"><span class="for-a11y">상품 수 <!-- -->1<!-- --> 증가</span></button></div><button type="button" class="sprite__smilefresh--before element-info-cart" aria-describedby="itemCard_title_2518517109"><span class="for-a11y">장바구니 담기</span></button></div><a href="https://item.gmarket.co.kr/Item?goodscode=2518517109" class="link__itemcard-info"><span class="box__itemcard-title-area" id="itemCard_title_2518517109"><span class="text__title" id="item_title">2023년산파주 참드림쌀 10kg</span></span><span class="box__itemcard-price-area"><span class="box__price-seller"><span class="for-a11y">판매가</span><strong class="text__price-seller">34,900</strong><span class="text__unit">원</span></span></span><span class="box__itemcard-info-score"><span class="sprite__smilefresh--before box__score-awards"><span class="for-a11y">평점</span><span class="text text__score">4.8</span><span class="for-a11y">후기</span><span class="text text__num">(3,014)</span><span class="for-a11y">건</span></span><span class="box__score-buycnt"><span class="text text__buy">구매</span><span class="text text__num">8,648</span><span class="for-a11y">건</span></span></span><span class="box__itemcard-benefit-tag"><span class="box__tag box__tag-coupon"><span class="sprite__smilefresh--before box__inner">15% 쿠폰</span></span></span></a><button type="button" class="sprite__smilefresh--after button__favorite-item" aria-describedby="itemCard_title_2518517109" aria-pressed="false" aria-label="관심상품 등록하기"></button></div></div></div></div></li><li class="list-item"><div class="box__itemcard-container"><div class="box__itemcard-body"><div class="box__itemcard-inner"><span class="box__thumbnail__label">7</span><a class="link__itemcard" href="https://item.gmarket.co.kr/Item?goodscode=2522868688" tabindex="-1" aria-hidden="true"><span class="box__itemcard-img"><img class="image__itemcard no-js-400?ver=1725100027" src="data:image/gif;base64,R0lGODlhAQABAIAAAP///wAAACH5BAEAAAAALAAAAAABAAEAAAICRAEAOw==" alt="노브랜드 혼합 9곡 4kg - 상품 이미지"/><noscript><style>.no-js-400?ver=1725100027 { display: none !important; }</style><img class="image__itemcard" src="https://gdimg.gmarket.co.kr/2522868688/still/400?ver=1725100027" alt="노브랜드 혼합 9곡 4kg - 상품 이미지"/></noscript></span></a><div class="box__itemcard-info"><div class="box__element-info"><div class="element-info-qty"><button aria-describedby="itemCard_title_2522868688" class="sprite__smilefresh--before element-info-qty-minus" aria-disabled="true"><span class="for-a11y">상품 수 <!-- -->1<!-- --> 감소</span></button><span class="element-info-item-qty" aria-describedby="itemCard_title_2522868688"><span class="for-a11y">선택된 수량</span> <!-- -->1</span><button aria-describedby="itemCard_title_2522868688" class="sprite__smilefresh--before element-info-qty-plus"><span class="for-a11y">상품 수 <!-- -->1<!-- --> 증가</span></button></div><button type="button" class="sprite__smilefresh--before element-info-cart" aria-describedby="itemCard_title_2522868688"><span class="for-a11y">장바구니 담기</span></button></div><a href="https://item.gmarket.co.kr/Item?goodscode=2522868688" class="link__itemcard-info"><span class="box__itemcard-title-area" id="itemCard_title_2522868688"><span class="text__title" id="item_title">노브랜드 혼합 9곡 4kg</span></span><span class="box__itemcard-price-area"><span class="box__price-seller"><span class="for-a11y">판매가</span><strong class="text__price-seller">9,980</strong><span class="text__unit">원</span></span></span><span class="box__itemcard-info-score"><span class="sprite__smilefresh--before box__score-awards"><span class="for-a11y">평점</span><span class="text text__score">4.8</span><span class="for-a11y">후기</span><span class="text text__num">(2,590)</span><span class="for-a11y">건</span></span><span class="box__score-buycnt"><span class="text text__buy">구매</span><span class="text text__num">6,882</span><span class="for-a11y">건</span></span></span></a><button type="button" class="sprite__smilefresh--after button__favorite-item" aria-describedby="itemCard_title_2522868688" aria-pressed="false" aria-label="관심상품 등록하기"></button></div></div></div></div></li><li class="list-item"><div class="box__itemcard-container"><div class="box__itemcard-body"><div class="box__itemcard-inner"><span class="box__thumbnail__label">8</span><a class="link__itemcard" href="https://item.gmarket.co.kr/Item?goodscode=2519520623" tabindex="-1" aria-hidden="true"><span class="box__itemcard-img"><img class="image__itemcard no-js-400?ver=1725510983" src="data:image/gif;base64,R0lGODlhAQABAIAAAP///wAAACH5BAEAAAAALAAAAAABAAEAAAICRAEAOw==" alt="밥맛좋은 경기미(추청) 10kg - 상품 이미지"/><noscript><style>.no-js-400?ver=1725510983 { display: none !important; }</style><img class="image__itemcard" src="https://gdimg.gmarket.co.kr/2519520623/still/400?ver=1725510983" alt="밥맛좋은 경기미(추청) 10kg - 상품 이미지"/></noscript></span></a><div class="box__itemcard-info"><div class="box__element-info"><div class="element-info-qty"><button aria-describedby="itemCard_title_2519520623" class="sprite__smilefresh--before element-info-qty-minus" aria-disabled="true"><span class="for-a11y">상품 수 <!-- -->1<!-- --> 감소</span></button><span class="element-info-item-qty" aria-describedby="itemCard_title_2519520623"><span class="for-a11y">선택된 수량</span> <!-- -->1</span><button aria-describedby="itemCard_title_2519520623" class="sprite__smilefresh--before element-info-qty-plus"><span class="for-a11y">상품 수 <!-- -->1<!-- --> 증가</span></button></div><button type="button" class="sprite__smilefresh--before element-info-cart" aria-describedby="itemCard_title_2519520623"><span class="for-a11y">장바구니 담기</span></button></div><a href="https://item.gmarket.co.kr/Item?goodscode=2519520623" class="link__itemcard-info"><span class="box__itemcard-title-area" id="itemCard_title_2519520623"><span class="text__title" id="item_title">밥맛좋은 경기미(추청) 10kg</span></span><span class="box__itemcard-price-area"><span class="box__price-seller"><span class="for-a11y">판매가</span><strong class="text__price-seller">29,900</strong><span class="text__unit">원</span></span><span class="box__prime-cost"><span class="for-a11y">원가</span><strong class="text__dc-rate">18<!-- -->%</strong><span class="text__prime-cost">36,900<span class="text__unit">원</span></span></span></span><span class="box__itemcard-info-score"><span class="sprite__smilefresh--before box__score-awards"><span class="for-a11y">평점</span><span class="text text__score">4.7</span><span class="for-a11y">후기</span><span class="text text__num">(1,002)</span><span class="for-a11y">건</span></span><span class="box__score-buycnt"><span class="text text__buy">구매</span><span class="text text__num">2,129</span><span class="for-a11y">건</span></span></span><span class="box__itemcard-benefit-tag"><span class="box__tag box__tag-coupon"><span class="sprite__smilefresh--before box__inner">15% 쿠폰</span></span></span></a><button type="button" class="sprite__smilefresh--after button__favorite-item" aria-describedby="itemCard_title_2519520623" aria-pressed="false" aria-label="관심상품 등록하기"></button></div></div></div></div></li><li class="list-item"><div class="box__itemcard-container"><div class="box__itemcard-body"><div class="box__itemcard-inner"><span class="box__thumbnail__label">9</span><a class="link__itemcard" href="https://item.gmarket.co.kr/Item?goodscode=2518541453" tabindex="-1" aria-hidden="true"><span class="box__itemcard-img"><img class="image__itemcard no-js-400?ver=1725087991" src="data:image/gif;base64,R0lGODlhAQABAIAAAP///wAAACH5BAEAAAAALAAAAAABAAEAAAICRAEAOw==" alt="국산의힘 귀리쌀1.7kg - 상품 이미지"/><noscript><style>.no-js-400?ver=1725087991 { display: none !important; }</style><img class="image__itemcard" src="https://gdimg.gmarket.co.kr/2518541453/still/400?ver=1725087991" alt="국산의힘 귀리쌀1.7kg - 상품 이미지"/></noscript></span></a><div class="box__itemcard-info"><div class="box__element-info"><div class="element-info-qty"><button aria-describedby="itemCard_title_2518541453" class="sprite__smilefresh--before element-info-qty-minus" aria-disabled="true"><span class="for-a11y">상품 수 <!-- -->1<!-- --> 감소</span></button><span class="element-info-item-qty" aria-describedby="itemCard_title_2518541453"><span class="for-a11y">선택된 수량</span> <!-- -->1</span><button aria-describedby="itemCard_title_2518541453" class="sprite__smilefresh--before element-info-qty-plus"><span class="for-a11y">상품 수 <!-- -->1<!-- --> 증가</span></button></div><button type="button" class="sprite__smilefresh--before element-info-cart" aria-describedby="itemCard_title_2518541453"><span class="for-a11y">장바구니 담기</span></button></div><a href="https://item.gmarket.co.kr/Item?goodscode=2518541453" class="link__itemcard-info"><span class="box__itemcard-title-area" id="itemCard_title_2518541453"><span class="text__title" id="item_title">국산의힘 귀리쌀1.7kg</span></span><span class="box__itemcard-price-area"><span class="box__price-seller"><span class="for-a11y">판매가</span><strong class="text__price-seller">11,480</strong><span class="text__unit">원</span></span></span><span class="box__itemcard-info-score"><span class="sprite__smilefresh--before box__score-awards"><span class="for-a11y">평점</span><span class="text text__score">4.8</span><span class="for-a11y">후기</span><span class="text text__num">(729)</span><span class="for-a11y">건</span></span><span class="box__score-buycnt"><span class="text text__buy">구매</span><span class="text text__num">2,017</span><span class="for-a11y">건</span></span></span><span class="box__itemcard-benefit-tag"><span class="box__tag box__tag-coupon"><span class="sprite__smilefresh--before box__inner">15% 쿠폰</span></span></span></a><button type="button" class="sprite__smilefresh--after button__favorite-item" aria-describedby="itemCard_title_2518541453" aria-pressed="false" aria-label="관심상품 등록하기"></button></div></div></div></div></li><li class="list-item"><div class="box__itemcard-container"><div class="box__itemcard-body"><div class="box__itemcard-inner"><span class="box__thumbnail__label">10</span><a class="link__itemcard" href="https://item.gmarket.co.kr/Item?goodscode=2523315222" tabindex="-1" aria-hidden="true"><span class="box__itemcard-img"><img class="image__itemcard no-js-400?ver=1725115313" src="data:image/gif;base64,R0lGODlhAQABAIAAAP///wAAACH5BAEAAAAALAAAAAABAAEAAAICRAEAOw==" alt="강화섬쌀 고시히카리 4kg - 상품 이미지"/><noscript><style>.no-js-400?ver=1725115313 { display: none !important; }</style><img class="image__itemcard" src="https://gdimg.gmarket.co.kr/2523315222/still/400?ver=1725115313" alt="강화섬쌀 고시히카리 4kg - 상품 이미지"/></noscript></span></a><div class="box__itemcard-info"><div class="box__element-info"><div class="element-info-qty"><button aria-describedby="itemCard_title_2523315222" class="sprite__smilefresh--before element-info-qty-minus" aria-disabled="true"><span class="for-a11y">상품 수 <!-- -->1<!-- --> 감소</span></button><span class="element-info-item-qty" aria-describedby="itemCard_title_2523315222"><span class="for-a11y">선택된 수량</span> <!-- -->1</span><button aria-describedby="itemCard_title_2523315222" class="sprite__smilefresh--before element-info-qty-plus"><span class="for-a11y">상품 수 <!-- -->1<!-- --> 증가</span></button></div><button type="button" class="sprite__smilefresh--before element-info-cart" aria-describedby="itemCard_title_2523315222"><span class="for-a11y">장바구니 담기</span></button></div><a href="https://item.gmarket.co.kr/Item?goodscode=2523315222" class="link__itemcard-info"><span class="box__itemcard-title-area" id="itemCard_title_2523315222"><span class="text__brand"><span class="text">강화섬쌀</span></span><span class="text__title" id="item_title">강화섬쌀 고시히카리 4kg</span></span><span class="box__itemcard-price-area"><span class="box__price-seller"><span class="for-a11y">판매가</span><strong class="text__price-seller">18,800</strong><span class="text__unit">원</span></span><span class="box__prime-cost"><span class="for-a11y">원가</span><span class="text__unit-cost">(<!-- -->100g당 470원<!-- -->)</span></span></span><span class="box__itemcard-info-score"><span class="sprite__smilefresh--before box__score-awards"><span class="for-a11y">평점</span><span class="text text__score">4.8</span><span class="for-a11y">후기</span><span class="text text__num">(769)</span><span class="for-a11y">건</span></span><span class="box__score-buycnt"><span class="text text__buy">구매</span><span class="text text__num">2,092</span><span class="for-a11y">건</span></span></span><span class="box__itemcard-benefit-tag"><span class="box__tag box__tag-coupon"><span class="sprite__smilefresh--before box__inner">15% 쿠폰</span></span></span></a><button type="button" class="sprite__smilefresh--after button__favorite-item" aria-describedby="itemCard_title_2523315222" aria-pressed="false" aria-label="관심상품 등록하기"></button></div></div></div></div></li><li class="list-item"><div class="box__itemcard-container"><div class="box__itemcard-body"><div class="box__itemcard-inner"><span class="box__thumbnail__label">11</span><a class="link__itemcard" href="https://item.gmarket.co.kr/Item?goodscode=2522646801" tabindex="-1" aria-hidden="true"><span class="box__itemcard-img"><img class="image__itemcard no-js-400?ver=1725103032" src="data:image/gif;base64,R0lGODlhAQABAIAAAP///wAAACH5BAEAAAAALAAAAAABAAEAAAICRAEAOw==" alt="찹쌀 4kg - 상품 이미지"/><noscript><style>.no-js-400?ver=1725103032 { display: none !important; }</style><img class="image__itemcard" src="https://gdimg.gmarket.co.kr/2522646801/still/400?ver=1725103032" alt="찹쌀 4kg - 상품 이미지"/></noscript></span></a><div class="box__itemcard-info"><div class="box__element-info"><div class="element-info-qty"><button aria-describedby="itemCard_title_2522646801" class="sprite__smilefresh--before element-info-qty-minus" aria-disabled="true"><span class="for-a11y">상품 수 <!-- -->1<!-- --> 감소</span></button><span class="element-info-item-qty" aria-describedby="itemCard_title_2522646801"><span class="for-a11y">선택된 수량</span> <!-- -->1</span><button aria-describedby="itemCard_title_2522646801" class="sprite__smilefresh--before element-info-qty-plus"><span class="for-a11y">상품 수 <!-- -->1<!-- --> 증가</span></button></div><button type="button" class="sprite__smilefresh--before element-info-cart" aria-describedby="itemCard_title_2522646801"><span class="for-a11y">장바구니 담기</span></button></div><a href="https://item.gmarket.co.kr/Item?goodscode=2522646801" class="link__itemcard-info"><span class="box__itemcard-title-area" id="itemCard_title_2522646801"><span class="text__brand"><span class="text">두보식품</span></span><span class="text__title" id="item_title">찹쌀 4kg</span></span><span class="box__itemcard-price-area"><span class="box__price-seller"><span class="for-a11y">판매가</span><strong class="text__price-seller">15,800</strong><span class="text__unit">원</span></span><span class="box__prime-cost"><span class="for-a11y">원가</span><span class="text__unit-cost">(<!-- -->100g당 395원<!-- -->)</span></span></span><span class="box__itemcard-info-score"><span class="sprite__smilefresh--before box__score-awards"><span class="for-a11y">평점</span><span class="text text__score">4.8</span><span class="for-a11y">후기</span><span class="text text__num">(3,529)</span><span class="for-a11y">건</span></span><span class="box__score-buycnt"><span class="text text__buy">구매</span><span class="text text__num">8,814</span><span class="for-a11y">건</span></span></span><span class="box__itemcard-benefit-tag"><span class="box__tag box__tag-coupon"><span class="sprite__smilefresh--before box__inner">15% 쿠폰</span></span></span></a><button type="button" class="sprite__smilefresh--after button__favorite-item" aria-describedby="itemCard_title_2522646801" aria-pressed="false" aria-label="관심상품 등록하기"></button></div></div></div></div></li><li class="list-item"><div class="box__itemcard-container"><div class="box__itemcard-body"><div class="box__itemcard-inner"><span class="box__thumbnail__label">12</span><a class="link__itemcard" href="https://item.gmarket.co.kr/Item?goodscode=2523194872" tabindex="-1" aria-hidden="true"><span class="box__itemcard-img"><img class="image__itemcard no-js-400?ver=1725116069" src="data:image/gif;base64,R0lGODlhAQABAIAAAP///wAAACH5BAEAAAAALAAAAAABAAEAAAICRAEAOw==" alt="자연주의 무농약 발아현미 2kg - 상품 이미지"/><noscript><style>.no-js-400?ver=1725116069 { display: none !important; }</style><img class="image__itemcard" src="https://gdimg.gmarket.co.kr/2523194872/still/400?ver=1725116069" alt="자연주의 무농약 발아현미 2kg - 상품 이미지"/></noscript></span></a><div class="box__itemcard-info"><div class="box__element-info"><div class="element-info-qty"><button aria-describedby="itemCard_title_2523194872" class="sprite__smilefresh--before element-info-qty-minus" aria-disabled="true"><span class="for-a11y">상품 수 <!-- -->1<!-- --> 감소</span></button><span class="element-info-item-qty" aria-describedby="itemCard_title_2523194872"><span class="for-a11y">선택된 수량</span> <!-- -->1</span><button aria-describedby="itemCard_title_2523194872" class="sprite__smilefresh--before element-info-qty-plus"><span class="for-a11y">상품 수 <!-- -->1<!-- --> 증가</span></button></div><button type="button" class="sprite__smilefresh--before element-info-cart" aria-describedby="itemCard_title_2523194872"><span class="for-a11y">장바구니 담기</span></button></div><a href="https://item.gmarket.co.kr/Item?goodscode=2523194872" class="link__itemcard-info"><span class="box__itemcard-title-area" id="itemCard_title_2523194872"><span class="text__title" id="item_title">자연주의 무농약 발아현미 2kg</span></span><span class="box__itemcard-price-area"><span class="box__price-seller"><span class="for-a11y">판매가</span><strong class="text__price-seller">13,900</strong><span class="text__unit">원</span></span><span class="box__prime-cost"><span class="for-a11y">원가</span><strong class="text__dc-rate">26<!-- -->%</strong><span class="text__prime-cost">18,900<span class="text__unit">원</span></span><span class="text__unit-cost">(<!-- -->100g당 695원<!-- -->)</span></span></span><span class="box__itemcard-info-score"><span class="sprite__smilefresh--before box__score-awards"><span class="for-a11y">평점</span><span class="text text__score">4.8</span><span class="for-a11y">후기</span><span class="text text__num">(108)</span><span class="for-a11y">건</span></span><span class="box__score-buycnt"><span class="text text__buy">구매</span><span class="text text__num">323</span><span class="for-a11y">건</span></span></span><span class="box__itemcard-benefit-tag"><span class="box__tag box__tag-coupon"><span class="sprite__smilefresh--before box__inner">15% 쿠폰</span></span></span></a><button type="button" class="sprite__smilefresh--after button__favorite-item" aria-describedby="itemCard_title_2523194872" aria-pressed="false" aria-label="관심상품 등록하기"></button></div></div></div></div></li><li class="list-item"><div class="box__itemcard-container"><div class="box__itemcard-body"><div class="box__itemcard-inner"><span class="box__thumbnail__label">13</span><a class="link__itemcard" href="https://item.gmarket.co.kr/Item?goodscode=2522647033" tabindex="-1" aria-hidden="true"><span class="box__itemcard-img"><img class="image__itemcard no-js-400?ver=1725104235" src="data:image/gif;base64,R0lGODlhAQABAIAAAP///wAAACH5BAEAAAAALAAAAAABAAEAAAICRAEAOw==" alt="찰보리쌀 4kg - 상품 이미지"/><noscript><style>.no-js-400?ver=1725104235 { display: none !important; }</style><img class="image__itemcard" src="https://gdimg.gmarket.co.kr/2522647033/still/400?ver=1725104235" alt="찰보리쌀 4kg - 상품 이미지"/></noscript></span></a><div class="box__itemcard-info"><div class="box__element-info"><div class="element-info-qty"><button aria-describedby="itemCard_title_2522647033" class="sprite__smilefresh--before element-info-qty-minus" aria-disabled="true"><span class="for-a11y">상품 수 <!-- -->1<!-- --> 감소</span></button><span class="element-info-item-qty" aria-describedby="itemCard_title_2522647033"><span class="for-a11y">선택된 수량</span> <!-- -->1</span><button aria-describedby="itemCard_title_2522647033" class="sprite__smilefresh--before element-info-qty-plus"><span class="for-a11y">상품 수 <!-- -->1<!-- --> 증가</span></button></div><button type="button" class="sprite__smilefresh--before element-info-cart" aria-describedby="itemCard_title_2522647033"><span class="for-a11y">장바구니 담기</span></button></div><a href="https://item.gmarket.co.kr/Item?goodscode=2522647033" class="link__itemcard-info"><span class="box__itemcard-title-area" id="itemCard_title_2522647033"><span class="text__title" id="item_title">찰보리쌀 4kg</span></span><span class="box__itemcard-price-area"><span class="box__price-seller"><span class="for-a11y">판매가</span><strong class="text__price-seller">18,780</strong><span class="text__unit">원</span></span></span><span class="box__itemcard-info-score"><span class="sprite__smilefresh--before box__score-awards"><span class="for-a11y">평점</span><span class="text text__score">4.7</span><span class="for-a11y">후기</span><span class="text text__num">(767)</span><span class="for-a11y">건</span></span><span class="box__score-buycnt"><span class="text text__buy">구매</span><span class="text text__num">1,930</span><span class="for-a11y">건</span></span></span><span class="box__itemcard-benefit-tag"><span class="box__tag box__tag-coupon"><span class="sprite__smilefresh--before box__inner">15% 쿠폰</span></span></span></a><button type="button" class="sprite__smilefresh--after button__favorite-item" aria-describedby="itemCard_title_2522647033" aria-pressed="false" aria-label="관심상품 등록하기"></button></div></div></div></div></li><li class="list-item"><div class="box__itemcard-container"><div class="box__itemcard-body"><div class="box__itemcard-inner"><span class="box__thumbnail__label">14</span><a class="link__itemcard" href="https://item.gmarket.co.kr/Item?goodscode=2518707302" tabindex="-1" aria-hidden="true"><span class="box__itemcard-img"><img class="image__itemcard no-js-400?ver=1725091658" src="data:image/gif;base64,R0lGODlhAQABAIAAAP///wAAACH5BAEAAAAALAAAAAABAAEAAAICRAEAOw==" alt="불릴필요없는 찰현미2kg - 상품 이미지"/><noscript><style>.no-js-400?ver=1725091658 { display: none !important; }</style><img class="image__itemcard" src="https://gdimg.gmarket.co.kr/2518707302/still/400?ver=1725091658" alt="불릴필요없는 찰현미2kg - 상품 이미지"/></noscript></span></a><div class="box__itemcard-info"><div class="box__element-info"><div class="element-info-qty"><button aria-describedby="itemCard_title_2518707302" class="sprite__smilefresh--before element-info-qty-minus" aria-disabled="true"><span class="for-a11y">상품 수 <!-- -->1<!-- --> 감소</span></button><span class="element-info-item-qty" aria-describedby="itemCard_title_2518707302"><span class="for-a11y">선택된 수량</span> <!-- -->1</span><button aria-describedby="itemCard_title_2518707302" class="sprite__smilefresh--before element-info-qty-plus"><span class="for-a11y">상품 수 <!-- -->1<!-- --> 증가</span></button></div><button type="button" class="sprite__smilefresh--before element-info-cart" aria-describedby="itemCard_title_2518707302"><span class="for-a11y">장바구니 담기</span></button></div><a href="https://item.gmarket.co.kr/Item?goodscode=2518707302" class="link__itemcard-info"><span class="box__itemcard-title-area" id="itemCard_title_2518707302"><span class="text__title" id="item_title">불릴필요없는 찰현미2kg</span></span><span class="box__itemcard-price-area"><span class="box__price-seller"><span class="for-a11y">판매가</span><strong class="text__price-seller">10,480</strong><span class="text__unit">원</span></span></span><span class="box__itemcard-info-score"><span class="sprite__smilefresh--before box__score-awards"><span class="for-a11y">평점</span><span class="text text__score">4.8</span><span class="for-a11y">후기</span><span class="text text__num">(288)</span><span class="for-a11y">건</span></span><span class="box__score-buycnt"><span class="text text__buy">구매</span><span class="text text__num">993</span><span class="for-a11y">건</span></span></span><span class="box__itemcard-benefit-tag"><span class="box__tag box__tag-coupon"><span class="sprite__smilefresh--before box__inner">15% 쿠폰</span></span></span></a><button type="button" class="sprite__smilefresh--after button__favorite-item" aria-describedby="itemCard_title_2518707302" aria-pressed="false" aria-label="관심상품 등록하기"></button></div></div></div></div></li><li class="list-item"><div class="box__itemcard-container"><div class="box__itemcard-body"><div class="box__itemcard-inner"><span class="box__thumbnail__label">15</span><a class="link__itemcard" href="https://item.gmarket.co.kr/Item?goodscode=2519341699" tabindex="-1" aria-hidden="true"><span class="box__itemcard-img"><img class="image__itemcard no-js-400?ver=1725100589" src="data:image/gif;base64,R0lGODlhAQABAIAAAP///wAAACH5BAEAAAAALAAAAAABAAEAAAICRAEAOw==" alt="바른고을 의성진쌀 10kg - 상품 이미지"/><noscript><style>.no-js-400?ver=1725100589 { display: none !important; }</style><img class="image__itemcard" src="https://gdimg.gmarket.co.kr/2519341699/still/400?ver=1725100589" alt="바른고을 의성진쌀 10kg - 상품 이미지"/></noscript></span></a><div class="box__itemcard-info"><div class="box__element-info"><div class="element-info-qty"><button aria-describedby="itemCard_title_2519341699" class="sprite__smilefresh--before element-info-qty-minus" aria-disabled="true"><span class="for-a11y">상품 수 <!-- -->1<!-- --> 감소</span></button><span class="element-info-item-qty" aria-describedby="itemCard_title_2519341699"><span class="for-a11y">선택된 수량</span> <!-- -->1</span><button aria-describedby="itemCard_title_2519341699" class="sprite__smilefresh--before element-info-qty-plus"><span class="for-a11y">상품 수 <!-- -->1<!-- --> 증가</span></button></div><button type="button" class="sprite__smilefresh--before element-info-cart" aria-describedby="itemCard_title_2519341699"><span class="for-a11y">장바구니 담기</span></button></div><a href="https://item.gmarket.co.kr/Item?goodscode=2519341699" class="link__itemcard-info"><span class="box__itemcard-title-area" id="itemCard_title_2519341699"><span class="text__brand"><span class="text">바른고을</span></span><span class="text__title" id="item_title">바른고을 의성진쌀 10kg</span></span><span class="box__itemcard-price-area"><span class="box__price-seller"><span class="for-a11y">판매가</span><strong class="text__price-seller">36,600</strong><span class="text__unit">원</span></span><span class="box__prime-cost"><span class="for-a11y">원가</span><span class="text__unit-cost">(<!-- -->100g당 366원<!-- -->)</span></span></span><span class="box__itemcard-info-score"><span class="sprite__smilefresh--before box__score-awards"><span class="for-a11y">평점</span><span class="text text__score">4.7</span><span class="for-a11y">후기</span><span class="text text__num">(966)</span><span class="for-a11y">건</span></span><span class="box__score-buycnt"><span class="text text__buy">구매</span><span class="text text__num">2,739</span><span class="for-a11y">건</span></span></span><span class="box__itemcard-benefit-tag"><span class="box__tag box__tag-coupon"><span class="sprite__smilefresh--before box__inner">15% 쿠폰</span></span></span></a><button type="button" class="sprite__smilefresh--after button__favorite-item" aria-describedby="itemCard_title_2519341699" aria-pressed="false" aria-label="관심상품 등록하기"></button></div></div></div></div></li><li class="list-item"><div class="box__itemcard-container"><div class="box__itemcard-body"><div class="box__itemcard-inner"><span class="box__thumbnail__label">16</span><a class="link__itemcard" href="https://item.gmarket.co.kr/Item?goodscode=2518450903" tabindex="-1" aria-hidden="true"><span class="box__itemcard-img"><img class="image__itemcard no-js-400?ver=1725092719" src="data:image/gif;base64,R0lGODlhAQABAIAAAP///wAAACH5BAEAAAAALAAAAAABAAEAAAICRAEAOw==" alt="경천 시골 볶음깨 500g - 상품 이미지"/><noscript><style>.no-js-400?ver=1725092719 { display: none !important; }</style><img class="image__itemcard" src="https://gdimg.gmarket.co.kr/2518450903/still/400?ver=1725092719" alt="경천 시골 볶음깨 500g - 상품 이미지"/></noscript></span></a><div class="box__itemcard-info"><div class="box__element-info"><div class="element-info-qty"><button aria-describedby="itemCard_title_2518450903" class="sprite__smilefresh--before element-info-qty-minus" aria-disabled="true"><span class="for-a11y">상품 수 <!-- -->1<!-- --> 감소</span></button><span class="element-info-item-qty" aria-describedby="itemCard_title_2518450903"><span class="for-a11y">선택된 수량</span> <!-- -->1</span><button aria-describedby="itemCard_title_2518450903" class="sprite__smilefresh--before element-info-qty-plus"><span class="for-a11y">상품 수 <!-- -->1<!-- --> 증가</span></button></div><button type="button" class="sprite__smilefresh--before element-info-cart" aria-describedby="itemCard_title_2518450903"><span class="for-a11y">장바구니 담기</span></button></div><a href="https://item.gmarket.co.kr/Item?goodscode=2518450903" class="link__itemcard-info"><span class="box__itemcard-title-area" id="itemCard_title_2518450903"><span class="text__title" id="item_title">경천 시골 볶음깨 500g</span></span><span class="box__itemcard-price-area"><span class="box__price-seller"><span class="for-a11y">판매가</span><strong class="text__price-seller">6,180</strong><span class="text__unit">원</span></span></span><span class="box__itemcard-info-score"><span class="sprite__smilefresh--before box__score-awards"><span class="for-a11y">평점</span><span class="text text__score">4.7</span><span class="for-a11y">후기</span><span class="text text__num">(1,843)</span><span class="for-a11y">건</span></span><span class="box__score-buycnt"><span class="text text__buy">구매</span><span class="text text__num">4,096</span><span class="for-a11y">건</span></span></span><span class="box__itemcard-benefit-tag"><span class="box__tag box__tag-coupon"><span class="sprite__smilefresh--before box__inner">15% 쿠폰</span></span></span></a><button type="button" class="sprite__smilefresh--after button__favorite-item" aria-describedby="itemCard_title_2518450903" aria-pressed="false" aria-label="관심상품 등록하기"></button></div></div></div></div></li><li class="list-item"><div class="box__itemcard-container"><div class="box__itemcard-body"><div class="box__itemcard-inner"><span class="box__thumbnail__label">17</span><a class="link__itemcard" href="https://item.gmarket.co.kr/Item?goodscode=2518451395" tabindex="-1" aria-hidden="true"><span class="box__itemcard-img"><img class="image__itemcard no-js-400?ver=1725092609" src="data:image/gif;base64,R0lGODlhAQABAIAAAP///wAAACH5BAEAAAAALAAAAAABAAEAAAICRAEAOw==" alt="경천 시골 볶음깨 1kg - 상품 이미지"/><noscript><style>.no-js-400?ver=1725092609 { display: none !important; }</style><img class="image__itemcard" src="https://gdimg.gmarket.co.kr/2518451395/still/400?ver=1725092609" alt="경천 시골 볶음깨 1kg - 상품 이미지"/></noscript></span></a><div class="box__itemcard-info"><div class="box__element-info"><div class="element-info-qty"><button aria-describedby="itemCard_title_2518451395" class="sprite__smilefresh--before element-info-qty-minus" aria-disabled="true"><span class="for-a11y">상품 수 <!-- -->1<!-- --> 감소</span></button><span class="element-info-item-qty" aria-describedby="itemCard_title_2518451395"><span class="for-a11y">선택된 수량</span> <!-- -->1</span><button aria-describedby="itemCard_title_2518451395" class="sprite__smilefresh--before element-info-qty-plus"><span class="for-a11y">상품 수 <!-- -->1<!-- --> 증가</span></button></div><button type="button" class="sprite__smilefresh--before element-info-cart" aria-describedby="itemCard_title_2518451395"><span class="for-a11y">장바구니 담기</span></button></div><a href="https://item.gmarket.co.kr/Item?goodscode=2518451395" class="link__itemcard-info"><span class="box__itemcard-title-area" id="itemCard_title_2518451395"><span class="text__title" id="item_title">경천 시골 볶음깨 1kg</span></span><span class="box__itemcard-price-area"><span class="box__price-seller"><span class="for-a11y">판매가</span><strong class="text__price-seller">11,800</strong><span class="text__unit">원</span></span></span><span class="box__itemcard-info-score"><span class="sprite__smilefresh--before box__score-awards"><span class="for-a11y">평점</span><span class="text text__score">4.7</span><span class="for-a11y">후기</span><span class="text text__num">(1,027)</span><span class="for-a11y">건</span></span><span class="box__score-buycnt"><span class="text text__buy">구매</span><span class="text text__num">1,595</span><span class="for-a11y">건</span></span></span><span class="box__itemcard-benefit-tag"><span class="box__tag box__tag-coupon"><span class="sprite__smilefresh--before box__inner">15% 쿠폰</span></span></span></a><button type="button" class="sprite__smilefresh--after button__favorite-item" aria-describedby="itemCard_title_2518451395" aria-pressed="false" aria-label="관심상품 등록하기"></button></div></div></div></div></li><li class="list-item"><div class="box__itemcard-container"><div class="box__itemcard-body"><div class="box__itemcard-inner"><span class="box__thumbnail__label">18</span><a class="link__itemcard" href="https://item.gmarket.co.kr/Item?goodscode=2519585246" tabindex="-1" aria-hidden="true"><span class="box__itemcard-img"><img class="image__itemcard no-js-400?ver=1725100438" src="data:image/gif;base64,R0lGODlhAQABAIAAAP///wAAACH5BAEAAAAALAAAAAABAAEAAAICRAEAOw==" alt="96시간 숙성하여 맛이 깊고 부드러운 찰흑미1kg - 상품 이미지"/><noscript><style>.no-js-400?ver=1725100438 { display: none !important; }</style><img class="image__itemcard" src="https://gdimg.gmarket.co.kr/2519585246/still/400?ver=1725100438" alt="96시간 숙성하여 맛이 깊고 부드러운 찰흑미1kg - 상품 이미지"/></noscript></span></a><div class="box__itemcard-info"><div class="box__element-info"><div class="element-info-qty"><button aria-describedby="itemCard_title_2519585246" class="sprite__smilefresh--before element-info-qty-minus" aria-disabled="true"><span class="for-a11y">상품 수 <!-- -->1<!-- --> 감소</span></button><span class="element-info-item-qty" aria-describedby="itemCard_title_2519585246"><span class="for-a11y">선택된 수량</span> <!-- -->1</span><button aria-describedby="itemCard_title_2519585246" class="sprite__smilefresh--before element-info-qty-plus"><span class="for-a11y">상품 수 <!-- -->1<!-- --> 증가</span></button></div><button type="button" class="sprite__smilefresh--before element-info-cart" aria-describedby="itemCard_title_2519585246"><span class="for-a11y">장바구니 담기</span></button></div><a href="https://item.gmarket.co.kr/Item?goodscode=2519585246" class="link__itemcard-info"><span class="box__itemcard-title-area" id="itemCard_title_2519585246"><span class="text__title" id="item_title">96시간 숙성하여 맛이 깊고 부드러운 찰흑미1kg</span></span><span class="box__itemcard-price-area"><span class="box__price-seller"><span class="for-a11y">판매가</span><strong class="text__price-seller">6,780</strong><span class="text__unit">원</span></span><span class="box__prime-cost"><span class="for-a11y">원가</span><span class="text__unit-cost">(<!-- -->100g당 678원<!-- -->)</span></span></span><span class="box__itemcard-info-score"><span class="sprite__smilefresh--before box__score-awards"><span class="for-a11y">평점</span><span class="text text__score">4.8</span><span class="for-a11y">후기</span><span class="text text__num">(993)</span><span class="for-a11y">건</span></span><span class="box__score-buycnt"><span class="text text__buy">구매</span><span class="text text__num">2,665</span><span class="for-a11y">건</span></span></span><span class="box__itemcard-benefit-tag"><span class="box__tag box__tag-coupon"><span class="sprite__smilefresh--before box__inner">15% 쿠폰</span></span></span></a><button type="button" class="sprite__smilefresh--after button__favorite-item" aria-describedby="itemCard_title_2519585246" aria-pressed="false" aria-label="관심상품 등록하기"></button></div></div></div></div></li><li class="list-item"><div class="box__itemcard-container"><div class="box__itemcard-body"><div class="box__itemcard-inner"><span class="box__thumbnail__label">19</span><a class="link__itemcard" href="https://item.gmarket.co.kr/Item?goodscode=2522645856" tabindex="-1" aria-hidden="true"><span class="box__itemcard-img"><img class="image__itemcard no-js-400?ver=1725103383" src="data:image/gif;base64,R0lGODlhAQABAIAAAP///wAAACH5BAEAAAAALAAAAAABAAEAAAICRAEAOw==" alt="찰현미4kg - 상품 이미지"/><noscript><style>.no-js-400?ver=1725103383 { display: none !important; }</style><img class="image__itemcard" src="https://gdimg.gmarket.co.kr/2522645856/still/400?ver=1725103383" alt="찰현미4kg - 상품 이미지"/></noscript></span></a><div class="box__itemcard-info"><div class="box__element-info"><div class="element-info-qty"><button aria-describedby="itemCard_title_2522645856" class="sprite__smilefresh--before element-info-qty-minus" aria-disabled="true"><span class="for-a11y">상품 수 <!-- -->1<!-- --> 감소</span></button><span class="element-info-item-qty" aria-describedby="itemCard_title_2522645856"><span class="for-a11y">선택된 수량</span> <!-- -->1</span><button aria-describedby="itemCard_title_2522645856" class="sprite__smilefresh--before element-info-qty-plus"><span class="for-a11y">상품 수 <!-- -->1<!-- --> 증가</span></button></div><button type="button" class="sprite__smilefresh--before element-info-cart" aria-describedby="itemCard_title_2522645856"><span class="for-a11y">장바구니 담기</span></button></div><a href="https://item.gmarket.co.kr/Item?goodscode=2522645856" class="link__itemcard-info"><span class="box__itemcard-title-area" id="itemCard_title_2522645856"><span class="text__title" id="item_title">찰현미4kg</span></span><span class="box__itemcard-price-area"><span class="box__price-seller"><span class="for-a11y">판매가</span><strong class="text__price-seller">15,600</strong><span class="text__unit">원</span></span><span class="box__prime-cost"><span class="for-a11y">원가</span><span class="text__unit-cost">(<!-- -->100g당 390원<!-- -->)</span></span></span><span class="box__itemcard-info-score"><span class="sprite__smilefresh--before box__score-awards"><span class="for-a11y">평점</span><span class="text text__score">4.7</span><span class="for-a11y">후기</span><span class="text text__num">(1,298)</span><span class="for-a11y">건</span></span><span class="box__score-buycnt"><span class="text text__buy">구매</span><span class="text text__num">3,625</span><span class="for-a11y">건</span></span></span><span class="box__itemcard-benefit-tag"><span class="box__tag box__tag-coupon"><span class="sprite__smilefresh--before box__inner">15% 쿠폰</span></span></span></a><button type="button" class="sprite__smilefresh--after button__favorite-item" aria-describedby="itemCard_title_2522645856" aria-pressed="false" aria-label="관심상품 등록하기"></button></div></div></div></div></li><li class="list-item"><div class="box__itemcard-container"><div class="box__itemcard-body"><div class="box__itemcard-inner"><span class="box__thumbnail__label">20</span><a class="link__itemcard" href="https://item.gmarket.co.kr/Item?goodscode=3251333347" tabindex="-1" aria-hidden="true"><span class="box__itemcard-img"><img class="image__itemcard no-js-400?ver=1725134068" src="data:image/gif;base64,R0lGODlhAQABAIAAAP///wAAACH5BAEAAAAALAAAAAABAAEAAAICRAEAOw==" alt="서리태 1kg - 상품 이미지"/><noscript><style>.no-js-400?ver=1725134068 { display: none !important; }</style><img class="image__itemcard" src="https://gdimg.gmarket.co.kr/3251333347/still/400?ver=1725134068" alt="서리태 1kg - 상품 이미지"/></noscript></span></a><div class="box__itemcard-info"><div class="box__element-info"><div class="element-info-qty"><button aria-describedby="itemCard_title_3251333347" class="sprite__smilefresh--before element-info-qty-minus" aria-disabled="true"><span class="for-a11y">상품 수 <!-- -->1<!-- --> 감소</span></button><span class="element-info-item-qty" aria-describedby="itemCard_title_3251333347"><span class="for-a11y">선택된 수량</span> <!-- -->1</span><button aria-describedby="itemCard_title_3251333347" class="sprite__smilefresh--before element-info-qty-plus"><span class="for-a11y">상품 수 <!-- -->1<!-- --> 증가</span></button></div><button type="button" class="sprite__smilefresh--before element-info-cart" aria-describedby="itemCard_title_3251333347"><span class="for-a11y">장바구니 담기</span></button></div><a href="https://item.gmarket.co.kr/Item?goodscode=3251333347" class="link__itemcard-info"><span class="box__itemcard-title-area" id="itemCard_title_3251333347"><span class="text__title" id="item_title">서리태 1kg</span></span><span class="box__itemcard-price-area"><span class="box__price-seller"><span class="for-a11y">판매가</span><strong class="text__price-seller">13,500</strong><span class="text__unit">원</span></span></span><span class="box__itemcard-info-score"><span class="sprite__smilefresh--before box__score-awards"><span class="for-a11y">평점</span><span class="text text__score">4.7</span><span class="for-a11y">후기</span><span class="text text__num">(382)</span><span class="for-a11y">건</span></span><span class="box__score-buycnt"><span class="text text__buy">구매</span><span class="text text__num">742</span><span class="for-a11y">건</span></span></span><span class="box__itemcard-benefit-tag"><span class="box__tag box__tag-coupon"><span class="sprite__smilefresh--before box__inner">15% 쿠폰</span></span></span></a><button type="button" class="sprite__smilefresh--after button__favorite-item" aria-describedby="itemCard_title_3251333347" aria-pressed="false" aria-label="관심상품 등록하기"></button></div></div></div></div></li><li class="list-item"><div class="box__itemcard-container"><div class="box__itemcard-body"><div class="box__itemcard-inner"><span class="box__thumbnail__label">21</span><a class="link__itemcard" href="https://item.gmarket.co.kr/Item?goodscode=2522146908" tabindex="-1" aria-hidden="true"><span class="box__itemcard-img"><img class="image__itemcard no-js-400?ver=1725159855" src="data:image/gif;base64,R0lGODlhAQABAIAAAP///wAAACH5BAEAAAAALAAAAAABAAEAAAICRAEAOw==" alt="특가 대왕님표 여주 자채쌀 4kg - 상품 이미지"/><noscript><style>.no-js-400?ver=1725159855 { display: none !important; }</style><img class="image__itemcard" src="https://gdimg.gmarket.co.kr/2522146908/still/400?ver=1725159855" alt="특가 대왕님표 여주 자채쌀 4kg - 상품 이미지"/></noscript></span></a><div class="box__itemcard-info"><div class="box__element-info"><div class="element-info-qty"><button aria-describedby="itemCard_title_2522146908" class="sprite__smilefresh--before element-info-qty-minus" aria-disabled="true"><span class="for-a11y">상품 수 <!-- -->1<!-- --> 감소</span></button><span class="element-info-item-qty" aria-describedby="itemCard_title_2522146908"><span class="for-a11y">선택된 수량</span> <!-- -->1</span><button aria-describedby="itemCard_title_2522146908" class="sprite__smilefresh--before element-info-qty-plus"><span class="for-a11y">상품 수 <!-- -->1<!-- --> 증가</span></button></div><button type="button" class="sprite__smilefresh--before element-info-cart" aria-describedby="itemCard_title_2522146908"><span class="for-a11y">장바구니 담기</span></button></div><a href="https://item.gmarket.co.kr/Item?goodscode=2522146908" class="link__itemcard-info"><span class="box__itemcard-title-area" id="itemCard_title_2522146908"><span class="text__title" id="item_title">특가 대왕님표 여주 자채쌀 4kg</span></span><span class="box__itemcard-price-area"><span class="box__price-seller"><span class="for-a11y">판매가</span><strong class="text__price-seller">14,900</strong><span class="text__unit">원</span></span></span><span class="box__itemcard-info-score"><span class="sprite__smilefresh--before box__score-awards"><span class="for-a11y">평점</span><span class="text text__score">4.5</span><span class="for-a11y">후기</span><span class="text text__num">(124)</span><span class="for-a11y">건</span></span><span class="box__score-buycnt"><span class="text text__buy">구매</span><span class="text text__num">401</span><span class="for-a11y">건</span></span></span><span class="box__itemcard-benefit-tag"><span class="box__tag box__tag-coupon"><span class="sprite__smilefresh--before box__inner">15% 쿠폰</span></span></span></a><button type="button" class="sprite__smilefresh--after button__favorite-item" aria-describedby="itemCard_title_2522146908" aria-pressed="false" aria-label="관심상품 등록하기"></button></div></div></div></div></li><li class="list-item"><div class="box__itemcard-container"><div class="box__itemcard-body"><div class="box__itemcard-inner"><span class="box__thumbnail__label">22</span><a class="link__itemcard" href="https://item.gmarket.co.kr/Item?goodscode=2522199092" tabindex="-1" aria-hidden="true"><span class="box__itemcard-img"><img class="image__itemcard no-js-400?ver=1725100670" src="data:image/gif;base64,R0lGODlhAQABAIAAAP///wAAACH5BAEAAAAALAAAAAABAAEAAAICRAEAOw==" alt="오색오미 2kg - 상품 이미지"/><noscript><style>.no-js-400?ver=1725100670 { display: none !important; }</style><img class="image__itemcard" src="https://gdimg.gmarket.co.kr/2522199092/still/400?ver=1725100670" alt="오색오미 2kg - 상품 이미지"/></noscript></span></a><div class="box__itemcard-info"><div class="box__element-info"><div class="element-info-qty"><button aria-describedby="itemCard_title_2522199092" class="sprite__smilefresh--before element-info-qty-minus" aria-disabled="true"><span class="for-a11y">상품 수 <!-- -->1<!-- --> 감소</span></button><span class="element-info-item-qty" aria-describedby="itemCard_title_2522199092"><span class="for-a11y">선택된 수량</span> <!-- -->1</span><button aria-describedby="itemCard_title_2522199092" class="sprite__smilefresh--before element-info-qty-plus"><span class="for-a11y">상품 수 <!-- -->1<!-- --> 증가</span></button></div><button type="button" class="sprite__smilefresh--before element-info-cart" aria-describedby="itemCard_title_2522199092"><span class="for-a11y">장바구니 담기</span></button></div><a href="https://item.gmarket.co.kr/Item?goodscode=2522199092" class="link__itemcard-info"><span class="box__itemcard-title-area" id="itemCard_title_2522199092"><span class="text__title" id="item_title">오색오미 2kg</span></span><span class="box__itemcard-price-area"><span class="box__price-seller"><span class="for-a11y">판매가</span><strong class="text__price-seller">14,500</strong><span class="text__unit">원</span></span></span><span class="box__itemcard-info-score"><span class="sprite__smilefresh--before box__score-awards"><span class="for-a11y">평점</span><span class="text text__score">4.7</span><span class="for-a11y">후기</span><span class="text text__num">(324)</span><span class="for-a11y">건</span></span><span class="box__score-buycnt"><span class="text text__buy">구매</span><span class="text text__num">947</span><span class="for-a11y">건</span></span></span><span class="box__itemcard-benefit-tag"><span class="box__tag box__tag-coupon"><span class="sprite__smilefresh--before box__inner">15% 쿠폰</span></span></span></a><button type="button" class="sprite__smilefresh--after button__favorite-item" aria-describedby="itemCard_title_2522199092" aria-pressed="false" aria-label="관심상품 등록하기"></button></div></div></div></div></li><li class="list-item"><div class="box__itemcard-container"><div class="box__itemcard-body"><div class="box__itemcard-inner"><span class="box__thumbnail__label">23</span><a class="link__itemcard" href="https://item.gmarket.co.kr/Item?goodscode=2522879904" tabindex="-1" aria-hidden="true"><span class="box__itemcard-img"><img class="image__itemcard no-js-400?ver=1725099945" src="data:image/gif;base64,R0lGODlhAQABAIAAAP///wAAACH5BAEAAAAALAAAAAABAAEAAAICRAEAOw==" alt="피코크 국산 통참깨 240g - 상품 이미지"/><noscript><style>.no-js-400?ver=1725099945 { display: none !important; }</style><img class="image__itemcard" src="https://gdimg.gmarket.co.kr/2522879904/still/400?ver=1725099945" alt="피코크 국산 통참깨 240g - 상품 이미지"/></noscript></span></a><div class="box__itemcard-info"><div class="box__element-info"><div class="element-info-qty"><button aria-describedby="itemCard_title_2522879904" class="sprite__smilefresh--before element-info-qty-minus" aria-disabled="true"><span class="for-a11y">상품 수 <!-- -->1<!-- --> 감소</span></button><span class="element-info-item-qty" aria-describedby="itemCard_title_2522879904"><span class="for-a11y">선택된 수량</span> <!-- -->1</span><button aria-describedby="itemCard_title_2522879904" class="sprite__smilefresh--before element-info-qty-plus"><span class="for-a11y">상품 수 <!-- -->1<!-- --> 증가</span></button></div><button type="button" class="sprite__smilefresh--before element-info-cart" aria-describedby="itemCard_title_2522879904"><span class="for-a11y">장바구니 담기</span></button></div><a href="https://item.gmarket.co.kr/Item?goodscode=2522879904" class="link__itemcard-info"><span class="box__itemcard-title-area" id="itemCard_title_2522879904"><span class="text__title" id="item_title">피코크 국산 통참깨 240g</span></span><span class="box__itemcard-price-area"><span class="box__price-seller"><span class="for-a11y">판매가</span><strong class="text__price-seller">18,800</strong><span class="text__unit">원</span></span></span><span class="box__itemcard-info-score"><span class="sprite__smilefresh--before box__score-awards"><span class="for-a11y">평점</span><span class="text text__score">4.8</span><span class="for-a11y">후기</span><span class="text text__num">(100)</span><span class="for-a11y">건</span></span><span class="box__score-buycnt"><span class="text text__buy">구매</span><span class="text text__num">312</span><span class="for-a11y">건</span></span></span><span class="box__itemcard-benefit-tag"><span class="box__tag box__tag-coupon"><span class="sprite__smilefresh--before box__inner">15% 쿠폰</span></span></span></a><button type="button" class="sprite__smilefresh--after button__favorite-item" aria-describedby="itemCard_title_2522879904" aria-pressed="false" aria-label="관심상품 등록하기"></button></div></div></div></div></li><li class="list-item"><div class="box__itemcard-container"><div class="box__itemcard-body"><div class="box__itemcard-inner"><span class="box__thumbnail__label">24</span><a class="link__itemcard" href="https://item.gmarket.co.kr/Item?goodscode=2522647881" tabindex="-1" aria-hidden="true"><span class="box__itemcard-img"><img class="image__itemcard no-js-400?ver=1725103299" src="data:image/gif;base64,R0lGODlhAQABAIAAAP///wAAACH5BAEAAAAALAAAAAABAAEAAAICRAEAOw==" alt="병아리콩 500g - 상품 이미지"/><noscript><style>.no-js-400?ver=1725103299 { display: none !important; }</style><img class="image__itemcard" src="https://gdimg.gmarket.co.kr/2522647881/still/400?ver=1725103299" alt="병아리콩 500g - 상품 이미지"/></noscript></span></a><div class="box__itemcard-info"><div class="box__element-info"><div class="element-info-qty"><button aria-describedby="itemCard_title_2522647881" class="sprite__smilefresh--before element-info-qty-minus" aria-disabled="true"><span class="for-a11y">상품 수 <!-- -->1<!-- --> 감소</span></button><span class="element-info-item-qty" aria-describedby="itemCard_title_2522647881"><span class="for-a11y">선택된 수량</span> <!-- -->1</span><button aria-describedby="itemCard_title_2522647881" class="sprite__smilefresh--before element-info-qty-plus"><span class="for-a11y">상품 수 <!-- -->1<!-- --> 증가</span></button></div><button type="button" class="sprite__smilefresh--before element-info-cart" aria-describedby="itemCard_title_2522647881"><span class="for-a11y">장바구니 담기</span></button></div><a href="https://item.gmarket.co.kr/Item?goodscode=2522647881" class="link__itemcard-info"><span class="box__itemcard-title-area" id="itemCard_title_2522647881"><span class="text__title" id="item_title">병아리콩 500g</span></span><span class="box__itemcard-price-area"><span class="box__price-seller"><span class="for-a11y">판매가</span><strong class="text__price-seller">3,080</strong><span class="text__unit">원</span></span></span><span class="box__itemcard-info-score"><span class="sprite__smilefresh--before box__score-awards"><span class="for-a11y">평점</span><span class="text text__score">4.7</span><span class="for-a11y">후기</span><span class="text text__num">(608)</span><span class="for-a11y">건</span></span><span class="box__score-buycnt"><span class="text text__buy">구매</span><span class="text text__num">1,912</span><span class="for-a11y">건</span></span></span><span class="box__itemcard-benefit-tag"><span class="box__tag box__tag-coupon"><span class="sprite__smilefresh--before box__inner">15% 쿠폰</span></span></span></a><button type="button" class="sprite__smilefresh--after button__favorite-item" aria-describedby="itemCard_title_2522647881" aria-pressed="false" aria-label="관심상품 등록하기"></button></div></div></div></div></li><li class="list-item"><div class="box__itemcard-container"><div class="box__itemcard-body"><div class="box__itemcard-inner"><span class="box__thumbnail__label">25</span><a class="link__itemcard" href="https://item.gmarket.co.kr/Item?goodscode=2518707082" tabindex="-1" aria-hidden="true"><span class="box__itemcard-img"><img class="image__itemcard no-js-400?ver=1725092270" src="data:image/gif;base64,R0lGODlhAQABAIAAAP///wAAACH5BAEAAAAALAAAAAABAAEAAAICRAEAOw==" alt="배대감 국산 통들깨 가루 200g - 상품 이미지"/><noscript><style>.no-js-400?ver=1725092270 { display: none !important; }</style><img class="image__itemcard" src="https://gdimg.gmarket.co.kr/2518707082/still/400?ver=1725092270" alt="배대감 국산 통들깨 가루 200g - 상품 이미지"/></noscript></span></a><div class="box__itemcard-info"><div class="box__element-info"><div class="element-info-qty"><button aria-describedby="itemCard_title_2518707082" class="sprite__smilefresh--before element-info-qty-minus" aria-disabled="true"><span class="for-a11y">상품 수 <!-- -->1<!-- --> 감소</span></button><span class="element-info-item-qty" aria-describedby="itemCard_title_2518707082"><span class="for-a11y">선택된 수량</span> <!-- -->1</span><button aria-describedby="itemCard_title_2518707082" class="sprite__smilefresh--before element-info-qty-plus"><span class="for-a11y">상품 수 <!-- -->1<!-- --> 증가</span></button></div><button type="button" class="sprite__smilefresh--before element-info-cart" aria-describedby="itemCard_title_2518707082"><span class="for-a11y">장바구니 담기</span></button></div><a href="https://item.gmarket.co.kr/Item?goodscode=2518707082" class="link__itemcard-info"><span class="box__itemcard-title-area" id="itemCard_title_2518707082"><span class="text__title" id="item_title">배대감 국산 통들깨 가루 200g</span></span><span class="box__itemcard-price-area"><span class="box__price-seller"><span class="for-a11y">판매가</span><strong class="text__price-seller">11,500</strong><span class="text__unit">원</span></span></span><span class="box__itemcard-info-score"><span class="sprite__smilefresh--before box__score-awards"><span class="for-a11y">평점</span><span class="text text__score">4.7</span><span class="for-a11y">후기</span><span class="text text__num">(453)</span><span class="for-a11y">건</span></span><span class="box__score-buycnt"><span class="text text__buy">구매</span><span class="text text__num">1,108</span><span class="for-a11y">건</span></span></span><span class="box__itemcard-benefit-tag"><span class="box__tag box__tag-coupon"><span class="sprite__smilefresh--before box__inner">15% 쿠폰</span></span></span></a><button type="button" class="sprite__smilefresh--after button__favorite-item" aria-describedby="itemCard_title_2518707082" aria-pressed="false" aria-label="관심상품 등록하기"></button></div></div></div></div></li><li class="list-item"><div class="box__itemcard-container"><div class="box__itemcard-body"><div class="box__itemcard-inner"><span class="box__thumbnail__label">26</span><a class="link__itemcard" href="https://item.gmarket.co.kr/Item?goodscode=2522466727" tabindex="-1" aria-hidden="true"><span class="box__itemcard-img"><img class="image__itemcard no-js-400?ver=1725102132" src="data:image/gif;base64,R0lGODlhAQABAIAAAP///wAAACH5BAEAAAAALAAAAAABAAEAAAICRAEAOw==" alt="노브랜드 볶음참깨 200g - 상품 이미지"/><noscript><style>.no-js-400?ver=1725102132 { display: none !important; }</style><img class="image__itemcard" src="https://gdimg.gmarket.co.kr/2522466727/still/400?ver=1725102132" alt="노브랜드 볶음참깨 200g - 상품 이미지"/></noscript></span></a><div class="box__itemcard-info"><div class="box__element-info"><div class="element-info-qty"><button aria-describedby="itemCard_title_2522466727" class="sprite__smilefresh--before element-info-qty-minus" aria-disabled="true"><span class="for-a11y">상품 수 <!-- -->1<!-- --> 감소</span></button><span class="element-info-item-qty" aria-describedby="itemCard_title_2522466727"><span class="for-a11y">선택된 수량</span> <!-- -->1</span><button aria-describedby="itemCard_title_2522466727" class="sprite__smilefresh--before element-info-qty-plus"><span class="for-a11y">상품 수 <!-- -->1<!-- --> 증가</span></button></div><button type="button" class="sprite__smilefresh--before element-info-cart" aria-describedby="itemCard_title_2522466727"><span class="for-a11y">장바구니 담기</span></button></div><a href="https://item.gmarket.co.kr/Item?goodscode=2522466727" class="link__itemcard-info"><span class="box__itemcard-title-area" id="itemCard_title_2522466727"><span class="text__title" id="item_title">노브랜드 볶음참깨 200g</span></span><span class="box__itemcard-price-area"><span class="box__price-seller"><span class="for-a11y">판매가</span><strong class="text__price-seller">3,580</strong><span class="text__unit">원</span></span></span><span class="box__itemcard-info-score"><span class="sprite__smilefresh--before box__score-awards"><span class="for-a11y">평점</span><span class="text text__score">4.8</span><span class="for-a11y">후기</span><span class="text text__num">(1,527)</span><span class="for-a11y">건</span></span><span class="box__score-buycnt"><span class="text text__buy">구매</span><span class="text text__num">4,000</span><span class="for-a11y">건</span></span></span></a><button type="button" class="sprite__smilefresh--after button__favorite-item" aria-describedby="itemCard_title_2522466727" aria-pressed="false" aria-label="관심상품 등록하기"></button></div></div></div></div></li><li class="list-item"><div class="box__itemcard-container"><div class="box__itemcard-body"><div class="box__itemcard-inner"><span class="box__thumbnail__label">27</span><a class="link__itemcard" href="https://item.gmarket.co.kr/Item?goodscode=2518533374" tabindex="-1" aria-hidden="true"><span class="box__itemcard-img"><img class="image__itemcard no-js-400?ver=1725088099" src="data:image/gif;base64,R0lGODlhAQABAIAAAP///wAAACH5BAEAAAAALAAAAAABAAEAAAICRAEAOw==" alt="김천 금물쌀 10kg - 상품 이미지"/><noscript><style>.no-js-400?ver=1725088099 { display: none !important; }</style><img class="image__itemcard" src="https://gdimg.gmarket.co.kr/2518533374/still/400?ver=1725088099" alt="김천 금물쌀 10kg - 상품 이미지"/></noscript></span></a><div class="box__itemcard-info"><div class="box__element-info"><div class="element-info-qty"><button aria-describedby="itemCard_title_2518533374" class="sprite__smilefresh--before element-info-qty-minus" aria-disabled="true"><span class="for-a11y">상품 수 <!-- -->1<!-- --> 감소</span></button><span class="element-info-item-qty" aria-describedby="itemCard_title_2518533374"><span class="for-a11y">선택된 수량</span> <!-- -->1</span><button aria-describedby="itemCard_title_2518533374" class="sprite__smilefresh--before element-info-qty-plus"><span class="for-a11y">상품 수 <!-- -->1<!-- --> 증가</span></button></div><button type="button" class="sprite__smilefresh--before element-info-cart" aria-describedby="itemCard_title_2518533374"><span class="for-a11y">장바구니 담기</span></button></div><a href="https://item.gmarket.co.kr/Item?goodscode=2518533374" class="link__itemcard-info"><span class="box__itemcard-title-area" id="itemCard_title_2518533374"><span class="text__title" id="item_title">김천 금물쌀 10kg</span></span><span class="box__itemcard-price-area"><span class="box__price-seller"><span class="for-a11y">판매가</span><strong class="text__price-seller">33,500</strong><span class="text__unit">원</span></span><span class="box__prime-cost"><span class="for-a11y">원가</span><span class="text__unit-cost">(<!-- -->100g당 335원<!-- -->)</span></span></span><span class="box__itemcard-info-score"><span class="sprite__smilefresh--before box__score-awards"><span class="for-a11y">평점</span><span class="text text__score">4.8</span><span class="for-a11y">후기</span><span class="text text__num">(73)</span><span class="for-a11y">건</span></span><span class="box__score-buycnt"><span class="text text__buy">구매</span><span class="text text__num">186</span><span class="for-a11y">건</span></span></span><span class="box__itemcard-benefit-tag"><span class="box__tag box__tag-coupon"><span class="sprite__smilefresh--before box__inner">15% 쿠폰</span></span></span></a><button type="button" class="sprite__smilefresh--after button__favorite-item" aria-describedby="itemCard_title_2518533374" aria-pressed="false" aria-label="관심상품 등록하기"></button></div></div></div></div></li><li class="list-item"><div class="box__itemcard-container"><div class="box__itemcard-body"><div class="box__itemcard-inner"><span class="box__thumbnail__label">28</span><a class="link__itemcard" href="https://item.gmarket.co.kr/Item?goodscode=2518629492" tabindex="-1" aria-hidden="true"><span class="box__itemcard-img"><img class="image__itemcard no-js-400?ver=1725109408" src="data:image/gif;base64,R0lGODlhAQABAIAAAP///wAAACH5BAEAAAAALAAAAAABAAEAAAICRAEAOw==" alt="카무트 500g - 상품 이미지"/><noscript><style>.no-js-400?ver=1725109408 { display: none !important; }</style><img class="image__itemcard" src="https://gdimg.gmarket.co.kr/2518629492/still/400?ver=1725109408" alt="카무트 500g - 상품 이미지"/></noscript></span></a><div class="box__itemcard-info"><div class="box__element-info"><div class="element-info-qty"><button aria-describedby="itemCard_title_2518629492" class="sprite__smilefresh--before element-info-qty-minus" aria-disabled="true"><span class="for-a11y">상품 수 <!-- -->1<!-- --> 감소</span></button><span class="element-info-item-qty" aria-describedby="itemCard_title_2518629492"><span class="for-a11y">선택된 수량</span> <!-- -->1</span><button aria-describedby="itemCard_title_2518629492" class="sprite__smilefresh--before element-info-qty-plus"><span class="for-a11y">상품 수 <!-- -->1<!-- --> 증가</span></button></div><button type="button" class="sprite__smilefresh--before element-info-cart" aria-describedby="itemCard_title_2518629492"><span class="for-a11y">장바구니 담기</span></button></div><a href="https://item.gmarket.co.kr/Item?goodscode=2518629492" class="link__itemcard-info"><span class="box__itemcard-title-area" id="itemCard_title_2518629492"><span class="text__title" id="item_title">카무트 500g</span></span><span class="box__itemcard-price-area"><span class="box__price-seller"><span class="for-a11y">판매가</span><strong class="text__price-seller">7,880</strong><span class="text__unit">원</span></span></span><span class="box__itemcard-info-score"><span class="sprite__smilefresh--before box__score-awards"><span class="for-a11y">평점</span><span class="text text__score">4.7</span><span class="for-a11y">후기</span><span class="text text__num">(446)</span><span class="for-a11y">건</span></span><span class="box__score-buycnt"><span class="text text__buy">구매</span><span class="text text__num">1,578</span><span class="for-a11y">건</span></span></span><span class="box__itemcard-benefit-tag"><span class="box__tag box__tag-coupon"><span class="sprite__smilefresh--before box__inner">15% 쿠폰</span></span></span></a><button type="button" class="sprite__smilefresh--after button__favorite-item" aria-describedby="itemCard_title_2518629492" aria-pressed="false" aria-label="관심상품 등록하기"></button></div></div></div></div></li><li class="list-item"><div class="box__itemcard-container"><div class="box__itemcard-body"><div class="box__itemcard-inner"><span class="box__thumbnail__label">29</span><a class="link__itemcard" href="https://item.gmarket.co.kr/Item?goodscode=2522780137" tabindex="-1" aria-hidden="true"><span class="box__itemcard-img"><img class="image__itemcard no-js-400?ver=1725105816" src="data:image/gif;base64,R0lGODlhAQABAIAAAP///wAAACH5BAEAAAAALAAAAAABAAEAAAICRAEAOw==" alt="14곡 미숫가루 1.3kg - 상품 이미지"/><noscript><style>.no-js-400?ver=1725105816 { display: none !important; }</style><img class="image__itemcard" src="https://gdimg.gmarket.co.kr/2522780137/still/400?ver=1725105816" alt="14곡 미숫가루 1.3kg - 상품 이미지"/></noscript></span></a><div class="box__itemcard-info"><div class="box__element-info"><div class="element-info-qty"><button aria-describedby="itemCard_title_2522780137" class="sprite__smilefresh--before element-info-qty-minus" aria-disabled="true"><span class="for-a11y">상품 수 <!-- -->1<!-- --> 감소</span></button><span class="element-info-item-qty" aria-describedby="itemCard_title_2522780137"><span class="for-a11y">선택된 수량</span> <!-- -->1</span><button aria-describedby="itemCard_title_2522780137" class="sprite__smilefresh--before element-info-qty-plus"><span class="for-a11y">상품 수 <!-- -->1<!-- --> 증가</span></button></div><button type="button" class="sprite__smilefresh--before element-info-cart" aria-describedby="itemCard_title_2522780137"><span class="for-a11y">장바구니 담기</span></button></div><a href="https://item.gmarket.co.kr/Item?goodscode=2522780137" class="link__itemcard-info"><span class="box__itemcard-title-area" id="itemCard_title_2522780137"><span class="text__title" id="item_title">14곡 미숫가루 1.3kg</span></span><span class="box__itemcard-price-area"><span class="box__price-seller"><span class="for-a11y">판매가</span><strong class="text__price-seller">10,480</strong><span class="text__unit">원</span></span></span><span class="box__itemcard-info-score"><span class="sprite__smilefresh--before box__score-awards"><span class="for-a11y">평점</span><span class="text text__score">4.8</span><span class="for-a11y">후기</span><span class="text text__num">(173)</span><span class="for-a11y">건</span></span><span class="box__score-buycnt"><span class="text text__buy">구매</span><span class="text text__num">317</span><span class="for-a11y">건</span></span></span><span class="box__itemcard-benefit-tag"><span class="box__tag box__tag-coupon"><span class="sprite__smilefresh--before box__inner">15% 쿠폰</span></span></span></a><button type="button" class="sprite__smilefresh--after button__favorite-item" aria-describedby="itemCard_title_2522780137" aria-pressed="false" aria-label="관심상품 등록하기"></button></div></div></div></div></li><li class="list-item"><div class="box__itemcard-container"><div class="box__itemcard-body"><div class="box__itemcard-inner"><span class="box__thumbnail__label">30</span><a class="link__itemcard" href="https://item.gmarket.co.kr/Item?goodscode=3737085835" tabindex="-1" aria-hidden="true"><span class="box__itemcard-img"><img class="image__itemcard no-js-400?ver=1725142929" src="data:image/gif;base64,R0lGODlhAQABAIAAAP///wAAACH5BAEAAAAALAAAAAABAAEAAAICRAEAOw==" alt="이맛쌀 4kg - 상품 이미지"/><noscript><style>.no-js-400?ver=1725142929 { display: none !important; }</style><img class="image__itemcard" src="https://gdimg.gmarket.co.kr/3737085835/still/400?ver=1725142929" alt="이맛쌀 4kg - 상품 이미지"/></noscript></span></a><div class="box__itemcard-info"><div class="box__element-info"><div class="element-info-qty"><button aria-describedby="itemCard_title_3737085835" class="sprite__smilefresh--before element-info-qty-minus" aria-disabled="true"><span class="for-a11y">상품 수 <!-- -->1<!-- --> 감소</span></button><span class="element-info-item-qty" aria-describedby="itemCard_title_3737085835"><span class="for-a11y">선택된 수량</span> <!-- -->1</span><button aria-describedby="itemCard_title_3737085835" class="sprite__smilefresh--before element-info-qty-plus"><span class="for-a11y">상품 수 <!-- -->1<!-- --> 증가</span></button></div><button type="button" class="sprite__smilefresh--before element-info-cart" aria-describedby="itemCard_title_3737085835"><span class="for-a11y">장바구니 담기</span></button></div><a href="https://item.gmarket.co.kr/Item?goodscode=3737085835" class="link__itemcard-info"><span class="box__itemcard-title-area" id="itemCard_title_3737085835"><span class="text__title" id="item_title">이맛쌀 4kg</span></span><span class="box__itemcard-price-area"><span class="box__price-seller"><span class="for-a11y">판매가</span><strong class="text__price-seller">13,900</strong><span class="text__unit">원</span></span></span><span class="box__itemcard-info-score"><span class="sprite__smilefresh--before box__score-awards"><span class="for-a11y">평점</span><span class="text text__score">4.7</span><span class="for-a11y">후기</span><span class="text text__num">(102)</span><span class="for-a11y">건</span></span><span class="box__score-buycnt"><span class="text text__buy">구매</span><span class="text text__num">230</span><span class="for-a11y">건</span></span></span><span class="box__itemcard-benefit-tag"><span class="box__tag box__tag-coupon"><span class="sprite__smilefresh--before box__inner">15% 쿠폰</span></span></span></a><button type="button" class="sprite__smilefresh--after button__favorite-item" aria-describedby="itemCard_title_3737085835" aria-pressed="false" aria-label="관심상품 등록하기"></button></div></div></div></div></li><li class="list-item"><div class="box__itemcard-container"><div class="box__itemcard-body"><div class="box__itemcard-inner"><span class="box__thumbnail__label">31</span><a class="link__itemcard" href="https://item.gmarket.co.kr/Item?goodscode=2522271504" tabindex="-1" aria-hidden="true"><span class="box__itemcard-img"><img class="image__itemcard no-js-400?ver=1725101132" src="data:image/gif;base64,R0lGODlhAQABAIAAAP///wAAACH5BAEAAAAALAAAAAABAAEAAAICRAEAOw==" alt="동진 찹쌀 2kg - 상품 이미지"/><noscript><style>.no-js-400?ver=1725101132 { display: none !important; }</style><img class="image__itemcard" src="https://gdimg.gmarket.co.kr/2522271504/still/400?ver=1725101132" alt="동진 찹쌀 2kg - 상품 이미지"/></noscript></span></a><div class="box__itemcard-info"><div class="box__element-info"><div class="element-info-qty"><button aria-describedby="itemCard_title_2522271504" class="sprite__smilefresh--before element-info-qty-minus" aria-disabled="true"><span class="for-a11y">상품 수 <!-- -->1<!-- --> 감소</span></button><span class="element-info-item-qty" aria-describedby="itemCard_title_2522271504"><span class="for-a11y">선택된 수량</span> <!-- -->1</span><button aria-describedby="itemCard_title_2522271504" class="sprite__smilefresh--before element-info-qty-plus"><span class="for-a11y">상품 수 <!-- -->1<!-- --> 증가</span></button></div><button type="button" class="sprite__smilefresh--before element-info-cart" aria-describedby="itemCard_title_2522271504"><span class="for-a11y">장바구니 담기</span></button></div><a href="https://item.gmarket.co.kr/Item?goodscode=2522271504" class="link__itemcard-info"><span class="box__itemcard-title-area" id="itemCard_title_2522271504"><span class="text__title" id="item_title">동진 찹쌀 2kg</span></span><span class="box__itemcard-price-area"><span class="box__price-seller"><span class="for-a11y">판매가</span><strong class="text__price-seller">11,300</strong><span class="text__unit">원</span></span><span class="box__prime-cost"><span class="for-a11y">원가</span><span class="text__unit-cost">(<!-- -->100g당 565원<!-- -->)</span></span></span><span class="box__itemcard-info-score"><span class="sprite__smilefresh--before box__score-awards"><span class="for-a11y">평점</span><span class="text text__score">4.8</span><span class="for-a11y">후기</span><span class="text text__num">(472)</span><span class="for-a11y">건</span></span><span class="box__score-buycnt"><span class="text text__buy">구매</span><span class="text text__num">1,102</span><span class="for-a11y">건</span></span></span><span class="box__itemcard-benefit-tag"><span class="box__tag box__tag-coupon"><span class="sprite__smilefresh--before box__inner">15% 쿠폰</span></span></span></a><button type="button" class="sprite__smilefresh--after button__favorite-item" aria-describedby="itemCard_title_2522271504" aria-pressed="false" aria-label="관심상품 등록하기"></button></div></div></div></div></li><li class="list-item"><div class="box__itemcard-container"><div class="box__itemcard-body"><div class="box__itemcard-inner"><span class="box__thumbnail__label">32</span><a class="link__itemcard" href="https://item.gmarket.co.kr/Item?goodscode=2518703558" tabindex="-1" aria-hidden="true"><span class="box__itemcard-img"><img class="image__itemcard no-js-400?ver=1725091672" src="data:image/gif;base64,R0lGODlhAQABAIAAAP///wAAACH5BAEAAAAALAAAAAABAAEAAAICRAEAOw==" alt="96시간 숙성한 찰진 콩없는11곡 3.5kg - 상품 이미지"/><noscript><style>.no-js-400?ver=1725091672 { display: none !important; }</style><img class="image__itemcard" src="https://gdimg.gmarket.co.kr/2518703558/still/400?ver=1725091672" alt="96시간 숙성한 찰진 콩없는11곡 3.5kg - 상품 이미지"/></noscript></span></a><div class="box__itemcard-info"><div class="box__element-info"><div class="element-info-qty"><button aria-describedby="itemCard_title_2518703558" class="sprite__smilefresh--before element-info-qty-minus" aria-disabled="true"><span class="for-a11y">상품 수 <!-- -->1<!-- --> 감소</span></button><span class="element-info-item-qty" aria-describedby="itemCard_title_2518703558"><span class="for-a11y">선택된 수량</span> <!-- -->1</span><button aria-describedby="itemCard_title_2518703558" class="sprite__smilefresh--before element-info-qty-plus"><span class="for-a11y">상품 수 <!-- -->1<!-- --> 증가</span></button></div><button type="button" class="sprite__smilefresh--before element-info-cart" aria-describedby="itemCard_title_2518703558"><span class="for-a11y">장바구니 담기</span></button></div><a href="https://item.gmarket.co.kr/Item?goodscode=2518703558" class="link__itemcard-info"><span class="box__itemcard-title-area" id="itemCard_title_2518703558"><span class="text__title" id="item_title">96시간 숙성한 찰진 콩없는11곡 3.5kg</span></span><span class="box__itemcard-price-area"><span class="box__price-seller"><span class="for-a11y">판매가</span><strong class="text__price-seller">18,700</strong><span class="text__unit">원</span></span></span><span class="box__itemcard-info-score"><span class="sprite__smilefresh--before box__score-awards"><span class="for-a11y">평점</span><span class="text text__score">4.8</span><span class="for-a11y">후기</span><span class="text text__num">(377)</span><span class="for-a11y">건</span></span><span class="box__score-buycnt"><span class="text text__buy">구매</span><span class="text text__num">1,192</span><span class="for-a11y">건</span></span></span><span class="box__itemcard-benefit-tag"><span class="box__tag box__tag-coupon"><span class="sprite__smilefresh--before box__inner">15% 쿠폰</span></span></span></a><button type="button" class="sprite__smilefresh--after button__favorite-item" aria-describedby="itemCard_title_2518703558" aria-pressed="false" aria-label="관심상품 등록하기"></button></div></div></div></div></li><li class="list-item"><div class="box__itemcard-container"><div class="box__itemcard-body"><div class="box__itemcard-inner"><span class="box__thumbnail__label">33</span><a class="link__itemcard" href="https://item.gmarket.co.kr/Item?goodscode=2518901031" tabindex="-1" aria-hidden="true"><span class="box__itemcard-img"><img class="image__itemcard no-js-400?ver=1725091991" src="data:image/gif;base64,R0lGODlhAQABAIAAAP///wAAACH5BAEAAAAALAAAAAABAAEAAAICRAEAOw==" alt="골든퀸현미 2kg - 상품 이미지"/><noscript><style>.no-js-400?ver=1725091991 { display: none !important; }</style><img class="image__itemcard" src="https://gdimg.gmarket.co.kr/2518901031/still/400?ver=1725091991" alt="골든퀸현미 2kg - 상품 이미지"/></noscript></span></a><div class="box__itemcard-info"><div class="box__element-info"><div class="element-info-qty"><button aria-describedby="itemCard_title_2518901031" class="sprite__smilefresh--before element-info-qty-minus" aria-disabled="true"><span class="for-a11y">상품 수 <!-- -->1<!-- --> 감소</span></button><span class="element-info-item-qty" aria-describedby="itemCard_title_2518901031"><span class="for-a11y">선택된 수량</span> <!-- -->1</span><button aria-describedby="itemCard_title_2518901031" class="sprite__smilefresh--before element-info-qty-plus"><span class="for-a11y">상품 수 <!-- -->1<!-- --> 증가</span></button></div><button type="button" class="sprite__smilefresh--before element-info-cart" aria-describedby="itemCard_title_2518901031"><span class="for-a11y">장바구니 담기</span></button></div><a href="https://item.gmarket.co.kr/Item?goodscode=2518901031" class="link__itemcard-info"><span class="box__itemcard-title-area" id="itemCard_title_2518901031"><span class="text__brand"><span class="text">월드그린</span></span><span class="text__title" id="item_title">골든퀸현미 2kg</span></span><span class="box__itemcard-price-area"><span class="box__price-seller"><span class="for-a11y">판매가</span><strong class="text__price-seller">10,480</strong><span class="text__unit">원</span></span><span class="box__prime-cost"><span class="for-a11y">원가</span><span class="text__unit-cost">(<!-- -->100g당 524원<!-- -->)</span></span></span><span class="box__itemcard-info-score"><span class="sprite__smilefresh--before box__score-awards"><span class="for-a11y">평점</span><span class="text text__score">4.8</span><span class="for-a11y">후기</span><span class="text text__num">(172)</span><span class="for-a11y">건</span></span><span class="box__score-buycnt"><span class="text text__buy">구매</span><span class="text text__num">607</span><span class="for-a11y">건</span></span></span><span class="box__itemcard-benefit-tag"><span class="box__tag box__tag-coupon"><span class="sprite__smilefresh--before box__inner">15% 쿠폰</span></span></span></a><button type="button" class="sprite__smilefresh--after button__favorite-item" aria-describedby="itemCard_title_2518901031" aria-pressed="false" aria-label="관심상품 등록하기"></button></div></div></div></div></li><li class="list-item"><div class="box__itemcard-container"><div class="box__itemcard-body"><div class="box__itemcard-inner"><span class="box__thumbnail__label">34</span><a class="link__itemcard" href="https://item.gmarket.co.kr/Item?goodscode=2522650660" tabindex="-1" aria-hidden="true"><span class="box__itemcard-img"><img class="image__itemcard no-js-400?ver=1725332360" src="data:image/gif;base64,R0lGODlhAQABAIAAAP///wAAACH5BAEAAAAALAAAAAABAAEAAAICRAEAOw==" alt="깐녹두 500g - 상품 이미지"/><noscript><style>.no-js-400?ver=1725332360 { display: none !important; }</style><img class="image__itemcard" src="https://gdimg.gmarket.co.kr/2522650660/still/400?ver=1725332360" alt="깐녹두 500g - 상품 이미지"/></noscript></span></a><div class="box__itemcard-info"><div class="box__element-info"><div class="element-info-qty"><button aria-describedby="itemCard_title_2522650660" class="sprite__smilefresh--before element-info-qty-minus" aria-disabled="true"><span class="for-a11y">상품 수 <!-- -->1<!-- --> 감소</span></button><span class="element-info-item-qty" aria-describedby="itemCard_title_2522650660"><span class="for-a11y">선택된 수량</span> <!-- -->1</span><button aria-describedby="itemCard_title_2522650660" class="sprite__smilefresh--before element-info-qty-plus"><span class="for-a11y">상품 수 <!-- -->1<!-- --> 증가</span></button></div><button type="button" class="sprite__smilefresh--before element-info-cart" aria-describedby="itemCard_title_2522650660"><span class="for-a11y">장바구니 담기</span></button></div><a href="https://item.gmarket.co.kr/Item?goodscode=2522650660" class="link__itemcard-info"><span class="box__itemcard-title-area" id="itemCard_title_2522650660"><span class="text__title" id="item_title">깐녹두 500g</span></span><span class="box__itemcard-price-area"><span class="box__price-seller"><span class="for-a11y">판매가</span><strong class="text__price-seller">11,500</strong><span class="text__unit">원</span></span><span class="box__prime-cost"><span class="for-a11y">원가</span><strong class="text__dc-rate">20<!-- -->%</strong><span class="text__prime-cost">14,500<span class="text__unit">원</span></span></span></span><span class="box__itemcard-info-score"><span class="sprite__smilefresh--before box__score-awards"><span class="for-a11y">평점</span><span class="text text__score">4.7</span><span class="for-a11y">후기</span><span class="text text__num">(161)</span><span class="for-a11y">건</span></span><span class="box__score-buycnt"><span class="text text__buy">구매</span><span class="text text__num">454</span><span class="for-a11y">건</span></span></span><span class="box__itemcard-benefit-tag"><span class="box__tag box__tag-coupon"><span class="sprite__smilefresh--before box__inner">15% 쿠폰</span></span></span></a><button type="button" class="sprite__smilefresh--after button__favorite-item" aria-describedby="itemCard_title_2522650660" aria-pressed="false" aria-label="관심상품 등록하기"></button></div></div></div></div></li><li class="list-item"><div class="box__itemcard-container"><div class="box__itemcard-body"><div class="box__itemcard-inner"><span class="box__thumbnail__label">35</span><a class="link__itemcard" href="https://item.gmarket.co.kr/Item?goodscode=2597861019" tabindex="-1" aria-hidden="true"><span class="box__itemcard-img"><img class="image__itemcard no-js-400?ver=1725100194" src="data:image/gif;base64,R0lGODlhAQABAIAAAP///wAAACH5BAEAAAAALAAAAAABAAEAAAICRAEAOw==" alt="한눈에 반한 쌀 3kg - 상품 이미지"/><noscript><style>.no-js-400?ver=1725100194 { display: none !important; }</style><img class="image__itemcard" src="https://gdimg.gmarket.co.kr/2597861019/still/400?ver=1725100194" alt="한눈에 반한 쌀 3kg - 상품 이미지"/></noscript></span></a><div class="box__itemcard-info"><div class="box__element-info"><div class="element-info-qty"><button aria-describedby="itemCard_title_2597861019" class="sprite__smilefresh--before element-info-qty-minus" aria-disabled="true"><span class="for-a11y">상품 수 <!-- -->1<!-- --> 감소</span></button><span class="element-info-item-qty" aria-describedby="itemCard_title_2597861019"><span class="for-a11y">선택된 수량</span> <!-- -->1</span><button aria-describedby="itemCard_title_2597861019" class="sprite__smilefresh--before element-info-qty-plus"><span class="for-a11y">상품 수 <!-- -->1<!-- --> 증가</span></button></div><button type="button" class="sprite__smilefresh--before element-info-cart" aria-describedby="itemCard_title_2597861019"><span class="for-a11y">장바구니 담기</span></button></div><a href="https://item.gmarket.co.kr/Item?goodscode=2597861019" class="link__itemcard-info"><span class="box__itemcard-title-area" id="itemCard_title_2597861019"><span class="text__title" id="item_title">한눈에 반한 쌀 3kg</span></span><span class="box__itemcard-price-area"><span class="box__price-seller"><span class="for-a11y">판매가</span><strong class="text__price-seller">14,700</strong><span class="text__unit">원</span></span><span class="box__prime-cost"><span class="for-a11y">원가</span><span class="text__unit-cost">(<!-- -->100g당 490원<!-- -->)</span></span></span><span class="box__itemcard-info-score"><span class="sprite__smilefresh--before box__score-awards"><span class="for-a11y">평점</span><span class="text text__score">4.6</span><span class="for-a11y">후기</span><span class="text text__num">(128)</span><span class="for-a11y">건</span></span><span class="box__score-buycnt"><span class="text text__buy">구매</span><span class="text text__num">519</span><span class="for-a11y">건</span></span></span><span class="box__itemcard-benefit-tag"><span class="box__tag box__tag-coupon"><span class="sprite__smilefresh--before box__inner">15% 쿠폰</span></span></span></a><button type="button" class="sprite__smilefresh--after button__favorite-item" aria-describedby="itemCard_title_2597861019" aria-pressed="false" aria-label="관심상품 등록하기"></button></div></div></div></div></li><li class="list-item"><div class="box__itemcard-container"><div class="box__itemcard-body"><div class="box__itemcard-inner"><span class="box__thumbnail__label">36</span><a class="link__itemcard" href="https://item.gmarket.co.kr/Item?goodscode=2523316816" tabindex="-1" aria-hidden="true"><span class="box__itemcard-img"><img class="image__itemcard no-js-400?ver=1725099983" src="data:image/gif;base64,R0lGODlhAQABAIAAAP///wAAACH5BAEAAAAALAAAAAABAAEAAAICRAEAOw==" alt="오트밀 800g (캐나다산) - 상품 이미지"/><noscript><style>.no-js-400?ver=1725099983 { display: none !important; }</style><img class="image__itemcard" src="https://gdimg.gmarket.co.kr/2523316816/still/400?ver=1725099983" alt="오트밀 800g (캐나다산) - 상품 이미지"/></noscript></span></a><div class="box__itemcard-info"><div class="box__element-info"><div class="element-info-qty"><button aria-describedby="itemCard_title_2523316816" class="sprite__smilefresh--before element-info-qty-minus" aria-disabled="true"><span class="for-a11y">상품 수 <!-- -->1<!-- --> 감소</span></button><span class="element-info-item-qty" aria-describedby="itemCard_title_2523316816"><span class="for-a11y">선택된 수량</span> <!-- -->1</span><button aria-describedby="itemCard_title_2523316816" class="sprite__smilefresh--before element-info-qty-plus"><span class="for-a11y">상품 수 <!-- -->1<!-- --> 증가</span></button></div><button type="button" class="sprite__smilefresh--before element-info-cart" aria-describedby="itemCard_title_2523316816"><span class="for-a11y">장바구니 담기</span></button></div><a href="https://item.gmarket.co.kr/Item?goodscode=2523316816" class="link__itemcard-info"><span class="box__itemcard-title-area" id="itemCard_title_2523316816"><span class="text__title" id="item_title">오트밀 800g (캐나다산)</span></span><span class="box__itemcard-price-area"><span class="box__price-seller"><span class="for-a11y">판매가</span><strong class="text__price-seller">6,780</strong><span class="text__unit">원</span></span></span><span class="box__itemcard-info-score"><span class="sprite__smilefresh--before box__score-awards"><span class="for-a11y">평점</span><span class="text text__score">4.7</span><span class="for-a11y">후기</span><span class="text text__num">(317)</span><span class="for-a11y">건</span></span><span class="box__score-buycnt"><span class="text text__buy">구매</span><span class="text text__num">891</span><span class="for-a11y">건</span></span></span><span class="box__itemcard-benefit-tag"><span class="box__tag box__tag-coupon"><span class="sprite__smilefresh--before box__inner">15% 쿠폰</span></span></span></a><button type="button" class="sprite__smilefresh--after button__favorite-item" aria-describedby="itemCard_title_2523316816" aria-pressed="false" aria-label="관심상품 등록하기"></button></div></div></div></div></li><li class="list-item"><div class="box__itemcard-container"><div class="box__itemcard-body"><div class="box__itemcard-inner"><span class="box__thumbnail__label">37</span><a class="link__itemcard" href="https://item.gmarket.co.kr/Item?goodscode=2518685592" tabindex="-1" aria-hidden="true"><span class="box__itemcard-img"><img class="image__itemcard no-js-400?ver=1725109585" src="data:image/gif;base64,R0lGODlhAQABAIAAAP///wAAACH5BAEAAAAALAAAAAABAAEAAAICRAEAOw==" alt="발아 찰흑미 1kg - 상품 이미지"/><noscript><style>.no-js-400?ver=1725109585 { display: none !important; }</style><img class="image__itemcard" src="https://gdimg.gmarket.co.kr/2518685592/still/400?ver=1725109585" alt="발아 찰흑미 1kg - 상품 이미지"/></noscript></span></a><div class="box__itemcard-info"><div class="box__element-info"><div class="element-info-qty"><button aria-describedby="itemCard_title_2518685592" class="sprite__smilefresh--before element-info-qty-minus" aria-disabled="true"><span class="for-a11y">상품 수 <!-- -->1<!-- --> 감소</span></button><span class="element-info-item-qty" aria-describedby="itemCard_title_2518685592"><span class="for-a11y">선택된 수량</span> <!-- -->1</span><button aria-describedby="itemCard_title_2518685592" class="sprite__smilefresh--before element-info-qty-plus"><span class="for-a11y">상품 수 <!-- -->1<!-- --> 증가</span></button></div><button type="button" class="sprite__smilefresh--before element-info-cart" aria-describedby="itemCard_title_2518685592"><span class="for-a11y">장바구니 담기</span></button></div><a href="https://item.gmarket.co.kr/Item?goodscode=2518685592" class="link__itemcard-info"><span class="box__itemcard-title-area" id="itemCard_title_2518685592"><span class="text__title" id="item_title">발아 찰흑미 1kg</span></span><span class="box__itemcard-price-area"><span class="box__price-seller"><span class="for-a11y">판매가</span><strong class="text__price-seller">9,380</strong><span class="text__unit">원</span></span><span class="box__prime-cost"><span class="for-a11y">원가</span><span class="text__unit-cost">(<!-- -->100g당 938원<!-- -->)</span></span></span><span class="box__itemcard-info-score"><span class="sprite__smilefresh--before box__score-awards"><span class="for-a11y">평점</span><span class="text text__score">4.7</span><span class="for-a11y">후기</span><span class="text text__num">(116)</span><span class="for-a11y">건</span></span><span class="box__score-buycnt"><span class="text text__buy">구매</span><span class="text text__num">450</span><span class="for-a11y">건</span></span></span><span class="box__itemcard-benefit-tag"><span class="box__tag box__tag-coupon"><span class="sprite__smilefresh--before box__inner">15% 쿠폰</span></span></span></a><button type="button" class="sprite__smilefresh--after button__favorite-item" aria-describedby="itemCard_title_2518685592" aria-pressed="false" aria-label="관심상품 등록하기"></button></div></div></div></div></li><li class="list-item"><div class="box__itemcard-container"><div class="box__itemcard-body"><div class="box__itemcard-inner"><span class="box__thumbnail__label">38</span><a class="link__itemcard" href="https://item.gmarket.co.kr/Item?goodscode=2522272594" tabindex="-1" aria-hidden="true"><span class="box__itemcard-img"><img class="image__itemcard no-js-400?ver=1725100958" src="data:image/gif;base64,R0lGODlhAQABAIAAAP///wAAACH5BAEAAAAALAAAAAABAAEAAAICRAEAOw==" alt="96시간 숙성하여 맛이 깊고 부드러운 콩과귀리10곡 2kg - 상품 이미지"/><noscript><style>.no-js-400?ver=1725100958 { display: none !important; }</style><img class="image__itemcard" src="https://gdimg.gmarket.co.kr/2522272594/still/400?ver=1725100958" alt="96시간 숙성하여 맛이 깊고 부드러운 콩과귀리10곡 2kg - 상품 이미지"/></noscript></span></a><div class="box__itemcard-info"><div class="box__element-info"><div class="element-info-qty"><button aria-describedby="itemCard_title_2522272594" class="sprite__smilefresh--before element-info-qty-minus" aria-disabled="true"><span class="for-a11y">상품 수 <!-- -->1<!-- --> 감소</span></button><span class="element-info-item-qty" aria-describedby="itemCard_title_2522272594"><span class="for-a11y">선택된 수량</span> <!-- -->1</span><button aria-describedby="itemCard_title_2522272594" class="sprite__smilefresh--before element-info-qty-plus"><span class="for-a11y">상품 수 <!-- -->1<!-- --> 증가</span></button></div><button type="button" class="sprite__smilefresh--before element-info-cart" aria-describedby="itemCard_title_2522272594"><span class="for-a11y">장바구니 담기</span></button></div><a href="https://item.gmarket.co.kr/Item?goodscode=2522272594" class="link__itemcard-info"><span class="box__itemcard-title-area" id="itemCard_title_2522272594"><span class="text__title" id="item_title">96시간 숙성하여 맛이 깊고 부드러운 콩과귀리10곡 2kg</span></span><span class="box__itemcard-price-area"><span class="box__price-seller"><span class="for-a11y">판매가</span><strong class="text__price-seller">13,400</strong><span class="text__unit">원</span></span></span><span class="box__itemcard-info-score"><span class="sprite__smilefresh--before box__score-awards"><span class="for-a11y">평점</span><span class="text text__score">4.8</span><span class="for-a11y">후기</span><span class="text text__num">(216)</span><span class="for-a11y">건</span></span><span class="box__score-buycnt"><span class="text text__buy">구매</span><span class="text text__num">722</span><span class="for-a11y">건</span></span></span><span class="box__itemcard-benefit-tag"><span class="box__tag box__tag-coupon"><span class="sprite__smilefresh--before box__inner">15% 쿠폰</span></span></span></a><button type="button" class="sprite__smilefresh--after button__favorite-item" aria-describedby="itemCard_title_2522272594" aria-pressed="false" aria-label="관심상품 등록하기"></button></div></div></div></div></li><li class="list-item"><div class="box__itemcard-container"><div class="box__itemcard-body"><div class="box__itemcard-inner"><span class="box__thumbnail__label">39</span><a class="link__itemcard" href="https://item.gmarket.co.kr/Item?goodscode=2580094828" tabindex="-1" aria-hidden="true"><span class="box__itemcard-img"><img class="image__itemcard no-js-400?ver=1725092687" src="data:image/gif;base64,R0lGODlhAQABAIAAAP///wAAACH5BAEAAAAALAAAAAABAAEAAAICRAEAOw==" alt="꽃보다 아름다운 햅쌀 4kg - 상품 이미지"/><noscript><style>.no-js-400?ver=1725092687 { display: none !important; }</style><img class="image__itemcard" src="https://gdimg.gmarket.co.kr/2580094828/still/400?ver=1725092687" alt="꽃보다 아름다운 햅쌀 4kg - 상품 이미지"/></noscript></span></a><div class="box__itemcard-info"><div class="box__element-info"><div class="element-info-qty"><button aria-describedby="itemCard_title_2580094828" class="sprite__smilefresh--before element-info-qty-minus" aria-disabled="true"><span class="for-a11y">상품 수 <!-- -->1<!-- --> 감소</span></button><span class="element-info-item-qty" aria-describedby="itemCard_title_2580094828"><span class="for-a11y">선택된 수량</span> <!-- -->1</span><button aria-describedby="itemCard_title_2580094828" class="sprite__smilefresh--before element-info-qty-plus"><span class="for-a11y">상품 수 <!-- -->1<!-- --> 증가</span></button></div><button type="button" class="sprite__smilefresh--before element-info-cart" aria-describedby="itemCard_title_2580094828"><span class="for-a11y">장바구니 담기</span></button></div><a href="https://item.gmarket.co.kr/Item?goodscode=2580094828" class="link__itemcard-info"><span class="box__itemcard-title-area" id="itemCard_title_2580094828"><span class="text__title" id="item_title">꽃보다 아름다운 햅쌀 4kg</span></span><span class="box__itemcard-price-area"><span class="box__price-seller"><span class="for-a11y">판매가</span><strong class="text__price-seller">15,900</strong><span class="text__unit">원</span></span><span class="box__prime-cost"><span class="for-a11y">원가</span><span class="text__unit-cost">(<!-- -->100g당 398원<!-- -->)</span></span></span><span class="box__itemcard-info-score"><span class="sprite__smilefresh--before box__score-awards"><span class="for-a11y">평점</span><span class="text text__score">4.7</span><span class="for-a11y">후기</span><span class="text text__num">(57)</span><span class="for-a11y">건</span></span><span class="box__score-buycnt"><span class="text text__buy">구매</span><span class="text text__num">126</span><span class="for-a11y">건</span></span></span><span class="box__itemcard-benefit-tag"><span class="box__tag box__tag-coupon"><span class="sprite__smilefresh--before box__inner">15% 쿠폰</span></span></span></a><button type="button" class="sprite__smilefresh--after button__favorite-item" aria-describedby="itemCard_title_2580094828" aria-pressed="false" aria-label="관심상품 등록하기"></button></div></div></div></div></li><li class="list-item"><div class="box__itemcard-container"><div class="box__itemcard-body"><div class="box__itemcard-inner"><span class="box__thumbnail__label">40</span><a class="link__itemcard" href="https://item.gmarket.co.kr/Item?goodscode=2518511917" tabindex="-1" aria-hidden="true"><span class="box__itemcard-img"><img class="image__itemcard no-js-400?ver=1725088074" src="data:image/gif;base64,R0lGODlhAQABAIAAAP///wAAACH5BAEAAAAALAAAAAABAAEAAAICRAEAOw==" alt="96시간 숙성하여 맛이 깊고 부드러운 찰현미 1kg - 상품 이미지"/><noscript><style>.no-js-400?ver=1725088074 { display: none !important; }</style><img class="image__itemcard" src="https://gdimg.gmarket.co.kr/2518511917/still/400?ver=1725088074" alt="96시간 숙성하여 맛이 깊고 부드러운 찰현미 1kg - 상품 이미지"/></noscript></span></a><div class="box__itemcard-info"><div class="box__element-info"><div class="element-info-qty"><button aria-describedby="itemCard_title_2518511917" class="sprite__smilefresh--before element-info-qty-minus" aria-disabled="true"><span class="for-a11y">상품 수 <!-- -->1<!-- --> 감소</span></button><span class="element-info-item-qty" aria-describedby="itemCard_title_2518511917"><span class="for-a11y">선택된 수량</span> <!-- -->1</span><button aria-describedby="itemCard_title_2518511917" class="sprite__smilefresh--before element-info-qty-plus"><span class="for-a11y">상품 수 <!-- -->1<!-- --> 증가</span></button></div><button type="button" class="sprite__smilefresh--before element-info-cart" aria-describedby="itemCard_title_2518511917"><span class="for-a11y">장바구니 담기</span></button></div><a href="https://item.gmarket.co.kr/Item?goodscode=2518511917" class="link__itemcard-info"><span class="box__itemcard-title-area" id="itemCard_title_2518511917"><span class="text__title" id="item_title">96시간 숙성하여 맛이 깊고 부드러운 찰현미 1kg</span></span><span class="box__itemcard-price-area"><span class="box__price-seller"><span class="for-a11y">판매가</span><strong class="text__price-seller">6,280</strong><span class="text__unit">원</span></span></span><span class="box__itemcard-info-score"><span class="sprite__smilefresh--before box__score-awards"><span class="for-a11y">평점</span><span class="text text__score">4.7</span><span class="for-a11y">후기</span><span class="text text__num">(108)</span><span class="for-a11y">건</span></span><span class="box__score-buycnt"><span class="text text__buy">구매</span><span class="text text__num">302</span><span class="for-a11y">건</span></span></span><span class="box__itemcard-benefit-tag"><span class="box__tag box__tag-coupon"><span class="sprite__smilefresh--before box__inner">15% 쿠폰</span></span></span></a><button type="button" class="sprite__smilefresh--after button__favorite-item" aria-describedby="itemCard_title_2518511917" aria-pressed="false" aria-label="관심상품 등록하기"></button></div></div></div></div></li><li class="list-item"><div class="box__itemcard-container"><div class="box__itemcard-body"><div class="box__itemcard-inner"><span class="box__thumbnail__label">41</span><a class="link__itemcard" href="https://item.gmarket.co.kr/Item?goodscode=2519280489" tabindex="-1" aria-hidden="true"><span class="box__itemcard-img"><img class="image__itemcard no-js-400?ver=1725100752" src="data:image/gif;base64,R0lGODlhAQABAIAAAP///wAAACH5BAEAAAAALAAAAAABAAEAAAICRAEAOw==" alt="96시간 숙성하여 맛이 깊고 부드러운 현미1kg - 상품 이미지"/><noscript><style>.no-js-400?ver=1725100752 { display: none !important; }</style><img class="image__itemcard" src="https://gdimg.gmarket.co.kr/2519280489/still/400?ver=1725100752" alt="96시간 숙성하여 맛이 깊고 부드러운 현미1kg - 상품 이미지"/></noscript></span></a><div class="box__itemcard-info"><div class="box__element-info"><div class="element-info-qty"><button aria-describedby="itemCard_title_2519280489" class="sprite__smilefresh--before element-info-qty-minus" aria-disabled="true"><span class="for-a11y">상품 수 <!-- -->1<!-- --> 감소</span></button><span class="element-info-item-qty" aria-describedby="itemCard_title_2519280489"><span class="for-a11y">선택된 수량</span> <!-- -->1</span><button aria-describedby="itemCard_title_2519280489" class="sprite__smilefresh--before element-info-qty-plus"><span class="for-a11y">상품 수 <!-- -->1<!-- --> 증가</span></button></div><button type="button" class="sprite__smilefresh--before element-info-cart" aria-describedby="itemCard_title_2519280489"><span class="for-a11y">장바구니 담기</span></button></div><a href="https://item.gmarket.co.kr/Item?goodscode=2519280489" class="link__itemcard-info"><span class="box__itemcard-title-area" id="itemCard_title_2519280489"><span class="text__title" id="item_title">96시간 숙성하여 맛이 깊고 부드러운 현미1kg</span></span><span class="box__itemcard-price-area"><span class="box__price-seller"><span class="for-a11y">판매가</span><strong class="text__price-seller">5,780</strong><span class="text__unit">원</span></span><span class="box__prime-cost"><span class="for-a11y">원가</span><span class="text__unit-cost">(<!-- -->100g당 578원<!-- -->)</span></span></span><span class="box__itemcard-info-score"><span class="sprite__smilefresh--before box__score-awards"><span class="for-a11y">평점</span><span class="text text__score">4.7</span><span class="for-a11y">후기</span><span class="text text__num">(157)</span><span class="for-a11y">건</span></span><span class="box__score-buycnt"><span class="text text__buy">구매</span><span class="text text__num">467</span><span class="for-a11y">건</span></span></span><span class="box__itemcard-benefit-tag"><span class="box__tag box__tag-coupon"><span class="sprite__smilefresh--before box__inner">15% 쿠폰</span></span></span></a><button type="button" class="sprite__smilefresh--after button__favorite-item" aria-describedby="itemCard_title_2519280489" aria-pressed="false" aria-label="관심상품 등록하기"></button></div></div></div></div></li><li class="list-item"><div class="box__itemcard-container"><div class="box__itemcard-body"><div class="box__itemcard-inner"><span class="box__thumbnail__label">42</span><a class="link__itemcard" href="https://item.gmarket.co.kr/Item?goodscode=2523316329" tabindex="-1" aria-hidden="true"><span class="box__itemcard-img"><img class="image__itemcard no-js-400?ver=1725262221" src="data:image/gif;base64,R0lGODlhAQABAIAAAP///wAAACH5BAEAAAAALAAAAAABAAEAAAICRAEAOw==" alt="오덕쌀 친들미 10kg - 상품 이미지"/><noscript><style>.no-js-400?ver=1725262221 { display: none !important; }</style><img class="image__itemcard" src="https://gdimg.gmarket.co.kr/2523316329/still/400?ver=1725262221" alt="오덕쌀 친들미 10kg - 상품 이미지"/></noscript></span></a><div class="box__itemcard-info"><div class="box__element-info"><div class="element-info-qty"><button aria-describedby="itemCard_title_2523316329" class="sprite__smilefresh--before element-info-qty-minus" aria-disabled="true"><span class="for-a11y">상품 수 <!-- -->1<!-- --> 감소</span></button><span class="element-info-item-qty" aria-describedby="itemCard_title_2523316329"><span class="for-a11y">선택된 수량</span> <!-- -->1</span><button aria-describedby="itemCard_title_2523316329" class="sprite__smilefresh--before element-info-qty-plus"><span class="for-a11y">상품 수 <!-- -->1<!-- --> 증가</span></button></div><button type="button" class="sprite__smilefresh--before element-info-cart" aria-describedby="itemCard_title_2523316329"><span class="for-a11y">장바구니 담기</span></button></div><a href="https://item.gmarket.co.kr/Item?goodscode=2523316329" class="link__itemcard-info"><span class="box__itemcard-title-area" id="itemCard_title_2523316329"><span class="text__brand"><span class="text">오덕쌀</span></span><span class="text__title" id="item_title">오덕쌀 친들미 10kg</span></span><span class="box__itemcard-price-area"><span class="box__price-seller"><span class="for-a11y">판매가</span><strong class="text__price-seller">35,600</strong><span class="text__unit">원</span></span><span class="box__prime-cost"><span class="for-a11y">원가</span><span class="text__unit-cost">(<!-- -->100g당 356원<!-- -->)</span></span></span><span class="box__itemcard-info-score"><span class="sprite__smilefresh--before box__score-awards"><span class="for-a11y">평점</span><span class="text text__score">4.8</span><span class="for-a11y">후기</span><span class="text text__num">(696)</span><span class="for-a11y">건</span></span><span class="box__score-buycnt"><span class="text text__buy">구매</span><span class="text text__num">1,750</span><span class="for-a11y">건</span></span></span><span class="box__itemcard-benefit-tag"><span class="box__tag box__tag-coupon"><span class="sprite__smilefresh--before box__inner">15% 쿠폰</span></span></span></a><button type="button" class="sprite__smilefresh--after button__favorite-item" aria-describedby="itemCard_title_2523316329" aria-pressed="false" aria-label="관심상품 등록하기"></button></div></div></div></div></li><li class="list-item"><div class="box__itemcard-container"><div class="box__itemcard-body"><div class="box__itemcard-inner"><span class="box__thumbnail__label">43</span><a class="link__itemcard" href="https://item.gmarket.co.kr/Item?goodscode=2518856563" tabindex="-1" aria-hidden="true"><span class="box__itemcard-img"><img class="image__itemcard no-js-400?ver=1725091782" src="data:image/gif;base64,R0lGODlhAQABAIAAAP///wAAACH5BAEAAAAALAAAAAABAAEAAAICRAEAOw==" alt="백옥 찹쌀1kg - 상품 이미지"/><noscript><style>.no-js-400?ver=1725091782 { display: none !important; }</style><img class="image__itemcard" src="https://gdimg.gmarket.co.kr/2518856563/still/400?ver=1725091782" alt="백옥 찹쌀1kg - 상품 이미지"/></noscript></span></a><div class="box__itemcard-info"><div class="box__element-info"><div class="element-info-qty"><button aria-describedby="itemCard_title_2518856563" class="sprite__smilefresh--before element-info-qty-minus" aria-disabled="true"><span class="for-a11y">상품 수 <!-- -->1<!-- --> 감소</span></button><span class="element-info-item-qty" aria-describedby="itemCard_title_2518856563"><span class="for-a11y">선택된 수량</span> <!-- -->1</span><button aria-describedby="itemCard_title_2518856563" class="sprite__smilefresh--before element-info-qty-plus"><span class="for-a11y">상품 수 <!-- -->1<!-- --> 증가</span></button></div><button type="button" class="sprite__smilefresh--before element-info-cart" aria-describedby="itemCard_title_2518856563"><span class="for-a11y">장바구니 담기</span></button></div><a href="https://item.gmarket.co.kr/Item?goodscode=2518856563" class="link__itemcard-info"><span class="box__itemcard-title-area" id="itemCard_title_2518856563"><span class="text__title" id="item_title">백옥 찹쌀1kg</span></span><span class="box__itemcard-price-area"><span class="box__price-seller"><span class="for-a11y">판매가</span><strong class="text__price-seller">6,280</strong><span class="text__unit">원</span></span></span><span class="box__itemcard-info-score"><span class="sprite__smilefresh--before box__score-awards"><span class="for-a11y">평점</span><span class="text text__score">4.8</span><span class="for-a11y">후기</span><span class="text text__num">(243)</span><span class="for-a11y">건</span></span><span class="box__score-buycnt"><span class="text text__buy">구매</span><span class="text text__num">583</span><span class="for-a11y">건</span></span></span><span class="box__itemcard-benefit-tag"><span class="box__tag box__tag-coupon"><span class="sprite__smilefresh--before box__inner">15% 쿠폰</span></span></span></a><button type="button" class="sprite__smilefresh--after button__favorite-item" aria-describedby="itemCard_title_2518856563" aria-pressed="false" aria-label="관심상품 등록하기"></button></div></div></div></div></li><li class="list-item"><div class="box__itemcard-container"><div class="box__itemcard-body"><div class="box__itemcard-inner"><span class="box__thumbnail__label">44</span><a class="link__itemcard" href="https://item.gmarket.co.kr/Item?goodscode=3026275500" tabindex="-1" aria-hidden="true"><span class="box__itemcard-img"><img class="image__itemcard no-js-400?ver=1725133172" src="data:image/gif;base64,R0lGODlhAQABAIAAAP///wAAACH5BAEAAAAALAAAAAABAAEAAAICRAEAOw==" alt="자연주의 광복 유기농 삼광현미 3kg - 상품 이미지"/><noscript><style>.no-js-400?ver=1725133172 { display: none !important; }</style><img class="image__itemcard" src="https://gdimg.gmarket.co.kr/3026275500/still/400?ver=1725133172" alt="자연주의 광복 유기농 삼광현미 3kg - 상품 이미지"/></noscript></span></a><div class="box__itemcard-info"><div class="box__element-info"><div class="element-info-qty"><button aria-describedby="itemCard_title_3026275500" class="sprite__smilefresh--before element-info-qty-minus" aria-disabled="true"><span class="for-a11y">상품 수 <!-- -->1<!-- --> 감소</span></button><span class="element-info-item-qty" aria-describedby="itemCard_title_3026275500"><span class="for-a11y">선택된 수량</span> <!-- -->1</span><button aria-describedby="itemCard_title_3026275500" class="sprite__smilefresh--before element-info-qty-plus"><span class="for-a11y">상품 수 <!-- -->1<!-- --> 증가</span></button></div><button type="button" class="sprite__smilefresh--before element-info-cart" aria-describedby="itemCard_title_3026275500"><span class="for-a11y">장바구니 담기</span></button></div><a href="https://item.gmarket.co.kr/Item?goodscode=3026275500" class="link__itemcard-info"><span class="box__itemcard-title-area" id="itemCard_title_3026275500"><span class="text__brand"><span class="text">자연주의</span></span><span class="text__title" id="item_title">자연주의 광복 유기농 삼광현미 3kg</span></span><span class="box__itemcard-price-area"><span class="box__price-seller"><span class="for-a11y">판매가</span><strong class="text__price-seller">15,980</strong><span class="text__unit">원</span></span><span class="box__prime-cost"><span class="for-a11y">원가</span><span class="text__unit-cost">(<!-- -->100g당 533원<!-- -->)</span></span></span><span class="box__itemcard-info-score"><span class="sprite__smilefresh--before box__score-awards"><span class="for-a11y">평점</span><span class="text text__score">4.8</span><span class="for-a11y">후기</span><span class="text text__num">(185)</span><span class="for-a11y">건</span></span><span class="box__score-buycnt"><span class="text text__buy">구매</span><span class="text text__num">448</span><span class="for-a11y">건</span></span></span><span class="box__itemcard-benefit-tag"><span class="box__tag box__tag-coupon"><span class="sprite__smilefresh--before box__inner">15% 쿠폰</span></span></span></a><button type="button" class="sprite__smilefresh--after button__favorite-item" aria-describedby="itemCard_title_3026275500" aria-pressed="false" aria-label="관심상품 등록하기"></button></div></div></div></div></li><li class="list-item"><div class="box__itemcard-container"><div class="box__itemcard-body"><div class="box__itemcard-inner"><span class="box__thumbnail__label">45</span><a class="link__itemcard" href="https://item.gmarket.co.kr/Item?goodscode=2518525256" tabindex="-1" aria-hidden="true"><span class="box__itemcard-img"><img class="image__itemcard no-js-400?ver=1725088117" src="data:image/gif;base64,R0lGODlhAQABAIAAAP///wAAACH5BAEAAAAALAAAAAABAAEAAAICRAEAOw==" alt="임금님표 이천쌀 10kg - 상품 이미지"/><noscript><style>.no-js-400?ver=1725088117 { display: none !important; }</style><img class="image__itemcard" src="https://gdimg.gmarket.co.kr/2518525256/still/400?ver=1725088117" alt="임금님표 이천쌀 10kg - 상품 이미지"/></noscript></span></a><div class="box__itemcard-info"><div class="box__element-info"><div class="element-info-qty"><button aria-describedby="itemCard_title_2518525256" class="sprite__smilefresh--before element-info-qty-minus" aria-disabled="true"><span class="for-a11y">상품 수 <!-- -->1<!-- --> 감소</span></button><span class="element-info-item-qty" aria-describedby="itemCard_title_2518525256"><span class="for-a11y">선택된 수량</span> <!-- -->1</span><button aria-describedby="itemCard_title_2518525256" class="sprite__smilefresh--before element-info-qty-plus"><span class="for-a11y">상품 수 <!-- -->1<!-- --> 증가</span></button></div><button type="button" class="sprite__smilefresh--before element-info-cart" aria-describedby="itemCard_title_2518525256"><span class="for-a11y">장바구니 담기</span></button></div><a href="https://item.gmarket.co.kr/Item?goodscode=2518525256" class="link__itemcard-info"><span class="box__itemcard-title-area" id="itemCard_title_2518525256"><span class="text__title" id="item_title">임금님표 이천쌀 10kg</span></span><span class="box__itemcard-price-area"><span class="box__price-seller"><span class="for-a11y">판매가</span><strong class="text__price-seller">45,900</strong><span class="text__unit">원</span></span></span><span class="box__itemcard-info-score"><span class="sprite__smilefresh--before box__score-awards"><span class="for-a11y">평점</span><span class="text text__score">4.1</span><span class="for-a11y">후기</span><span class="text text__num">(6)</span><span class="for-a11y">건</span></span><span class="box__score-buycnt"><span class="text text__buy">구매</span><span class="text text__num">25</span><span class="for-a11y">건</span></span></span><span class="box__itemcard-benefit-tag"><span class="box__tag box__tag-coupon"><span class="sprite__smilefresh--before box__inner">15% 쿠폰</span></span></span></a><button type="button" class="sprite__smilefresh--after button__favorite-item" aria-describedby="itemCard_title_2518525256" aria-pressed="false" aria-label="관심상품 등록하기"></button></div></div></div></div></li><li class="list-item"><div class="box__itemcard-container"><div class="box__itemcard-body"><div class="box__itemcard-inner"><span class="box__thumbnail__label">46</span><a class="link__itemcard" href="https://item.gmarket.co.kr/Item?goodscode=2518579162" tabindex="-1" aria-hidden="true"><span class="box__itemcard-img"><img class="image__itemcard no-js-400?ver=1725090952" src="data:image/gif;base64,R0lGODlhAQABAIAAAP///wAAACH5BAEAAAAALAAAAAABAAEAAAICRAEAOw==" alt="대왕님표 여주쌀 10kg - 상품 이미지"/><noscript><style>.no-js-400?ver=1725090952 { display: none !important; }</style><img class="image__itemcard" src="https://gdimg.gmarket.co.kr/2518579162/still/400?ver=1725090952" alt="대왕님표 여주쌀 10kg - 상품 이미지"/></noscript></span></a><div class="box__itemcard-info"><div class="box__element-info"><div class="element-info-qty"><button aria-describedby="itemCard_title_2518579162" class="sprite__smilefresh--before element-info-qty-minus" aria-disabled="true"><span class="for-a11y">상품 수 <!-- -->1<!-- --> 감소</span></button><span class="element-info-item-qty" aria-describedby="itemCard_title_2518579162"><span class="for-a11y">선택된 수량</span> <!-- -->1</span><button aria-describedby="itemCard_title_2518579162" class="sprite__smilefresh--before element-info-qty-plus"><span class="for-a11y">상품 수 <!-- -->1<!-- --> 증가</span></button></div><button type="button" class="sprite__smilefresh--before element-info-cart" aria-describedby="itemCard_title_2518579162"><span class="for-a11y">장바구니 담기</span></button></div><a href="https://item.gmarket.co.kr/Item?goodscode=2518579162" class="link__itemcard-info"><span class="box__itemcard-title-area" id="itemCard_title_2518579162"><span class="text__brand"><span class="text">대왕님표여주쌀</span></span><span class="text__title" id="item_title">대왕님표 여주쌀 10kg</span></span><span class="box__itemcard-price-area"><span class="box__price-seller"><span class="for-a11y">판매가</span><strong class="text__price-seller">45,900</strong><span class="text__unit">원</span></span><span class="box__prime-cost"><span class="for-a11y">원가</span><span class="text__unit-cost">(<!-- -->100g당 459원<!-- -->)</span></span></span><span class="box__itemcard-info-score"><span class="sprite__smilefresh--before box__score-awards"><span class="for-a11y">평점</span><span class="text text__score">4.7</span><span class="for-a11y">후기</span><span class="text text__num">(75)</span><span class="for-a11y">건</span></span><span class="box__score-buycnt"><span class="text text__buy">구매</span><span class="text text__num">264</span><span class="for-a11y">건</span></span></span><span class="box__itemcard-benefit-tag"><span class="box__tag box__tag-coupon"><span class="sprite__smilefresh--before box__inner">15% 쿠폰</span></span></span></a><button type="button" class="sprite__smilefresh--after button__favorite-item" aria-describedby="itemCard_title_2518579162" aria-pressed="false" aria-label="관심상품 등록하기"></button></div></div></div></div></li><li class="list-item"><div class="box__itemcard-container"><div class="box__itemcard-body"><div class="box__itemcard-inner"><span class="box__thumbnail__label">47</span><a class="link__itemcard" href="https://item.gmarket.co.kr/Item?goodscode=2519291994" tabindex="-1" aria-hidden="true"><span class="box__itemcard-img"><img class="image__itemcard no-js-400?ver=1725123459" src="data:image/gif;base64,R0lGODlhAQABAIAAAP///wAAACH5BAEAAAAALAAAAAABAAEAAAICRAEAOw==" alt="최순희 전통명장이 만든 깨소금 180g - 상품 이미지"/><noscript><style>.no-js-400?ver=1725123459 { display: none !important; }</style><img class="image__itemcard" src="https://gdimg.gmarket.co.kr/2519291994/still/400?ver=1725123459" alt="최순희 전통명장이 만든 깨소금 180g - 상품 이미지"/></noscript></span></a><div class="box__itemcard-info"><div class="box__element-info"><div class="element-info-qty"><button aria-describedby="itemCard_title_2519291994" class="sprite__smilefresh--before element-info-qty-minus" aria-disabled="true"><span class="for-a11y">상품 수 <!-- -->1<!-- --> 감소</span></button><span class="element-info-item-qty" aria-describedby="itemCard_title_2519291994"><span class="for-a11y">선택된 수량</span> <!-- -->1</span><button aria-describedby="itemCard_title_2519291994" class="sprite__smilefresh--before element-info-qty-plus"><span class="for-a11y">상품 수 <!-- -->1<!-- --> 증가</span></button></div><button type="button" class="sprite__smilefresh--before element-info-cart" aria-describedby="itemCard_title_2519291994"><span class="for-a11y">장바구니 담기</span></button></div><a href="https://item.gmarket.co.kr/Item?goodscode=2519291994" class="link__itemcard-info"><span class="box__itemcard-title-area" id="itemCard_title_2519291994"><span class="text__title" id="item_title">최순희 전통명장이 만든 깨소금 180g</span></span><span class="box__itemcard-price-area"><span class="box__price-seller"><span class="for-a11y">판매가</span><strong class="text__price-seller">4,980</strong><span class="text__unit">원</span></span></span><span class="box__itemcard-info-score"><span class="sprite__smilefresh--before box__score-awards"><span class="for-a11y">평점</span><span class="text text__score">4.7</span><span class="for-a11y">후기</span><span class="text text__num">(122)</span><span class="for-a11y">건</span></span><span class="box__score-buycnt"><span class="text text__buy">구매</span><span class="text text__num">305</span><span class="for-a11y">건</span></span></span><span class="box__itemcard-benefit-tag"><span class="box__tag box__tag-coupon"><span class="sprite__smilefresh--before box__inner">15% 쿠폰</span></span></span></a><button type="button" class="sprite__smilefresh--after button__favorite-item" aria-describedby="itemCard_title_2519291994" aria-pressed="false" aria-label="관심상품 등록하기"></button></div></div></div></div></li><li class="list-item"><div class="box__itemcard-container"><div class="box__itemcard-body"><div class="box__itemcard-inner"><span class="box__thumbnail__label">48</span><a class="link__itemcard" href="https://item.gmarket.co.kr/Item?goodscode=2560430062" tabindex="-1" aria-hidden="true"><span class="box__itemcard-img"><img class="image__itemcard no-js-400?ver=1725092190" src="data:image/gif;base64,R0lGODlhAQABAIAAAP///wAAACH5BAEAAAAALAAAAAABAAEAAAICRAEAOw==" alt="대왕님표 여주햅쌀 4kg - 상품 이미지"/><noscript><style>.no-js-400?ver=1725092190 { display: none !important; }</style><img class="image__itemcard" src="https://gdimg.gmarket.co.kr/2560430062/still/400?ver=1725092190" alt="대왕님표 여주햅쌀 4kg - 상품 이미지"/></noscript></span></a><div class="box__itemcard-info"><div class="box__element-info"><div class="element-info-qty"><button aria-describedby="itemCard_title_2560430062" class="sprite__smilefresh--before element-info-qty-minus" aria-disabled="true"><span class="for-a11y">상품 수 <!-- -->1<!-- --> 감소</span></button><span class="element-info-item-qty" aria-describedby="itemCard_title_2560430062"><span class="for-a11y">선택된 수량</span> <!-- -->1</span><button aria-describedby="itemCard_title_2560430062" class="sprite__smilefresh--before element-info-qty-plus"><span class="for-a11y">상품 수 <!-- -->1<!-- --> 증가</span></button></div><button type="button" class="sprite__smilefresh--before element-info-cart" aria-describedby="itemCard_title_2560430062"><span class="for-a11y">장바구니 담기</span></button></div><a href="https://item.gmarket.co.kr/Item?goodscode=2560430062" class="link__itemcard-info"><span class="box__itemcard-title-area" id="itemCard_title_2560430062"><span class="text__brand"><span class="text">대왕님표여주쌀</span></span><span class="text__title" id="item_title">대왕님표 여주햅쌀 4kg</span></span><span class="box__itemcard-price-area"><span class="box__price-seller"><span class="for-a11y">판매가</span><strong class="text__price-seller">21,900</strong><span class="text__unit">원</span></span><span class="box__prime-cost"><span class="for-a11y">원가</span><span class="text__unit-cost">(<!-- -->100g당 548원<!-- -->)</span></span></span><span class="box__itemcard-info-score"><span class="sprite__smilefresh--before box__score-awards"><span class="for-a11y">평점</span><span class="text text__score">4.8</span><span class="for-a11y">후기</span><span class="text text__num">(65)</span><span class="for-a11y">건</span></span><span class="box__score-buycnt"><span class="text text__buy">구매</span><span class="text text__num">157</span><span class="for-a11y">건</span></span></span><span class="box__itemcard-benefit-tag"><span class="box__tag box__tag-coupon"><span class="sprite__smilefresh--before box__inner">15% 쿠폰</span></span></span></a><button type="button" class="sprite__smilefresh--after button__favorite-item" aria-describedby="itemCard_title_2560430062" aria-pressed="false" aria-label="관심상품 등록하기"></button></div></div></div></div></li><li class="list-item"><div class="box__itemcard-container"><div class="box__itemcard-body"><div class="box__itemcard-inner"><span class="box__thumbnail__label">49</span><a class="link__itemcard" href="https://item.gmarket.co.kr/Item?goodscode=3930613582" tabindex="-1" aria-hidden="true"><span class="box__itemcard-img"><img class="image__itemcard no-js-400?ver=1725142166" src="data:image/gif;base64,R0lGODlhAQABAIAAAP///wAAACH5BAEAAAAALAAAAAABAAEAAAICRAEAOw==" alt="알찬미 2kg - 상품 이미지"/><noscript><style>.no-js-400?ver=1725142166 { display: none !important; }</style><img class="image__itemcard" src="https://gdimg.gmarket.co.kr/3930613582/still/400?ver=1725142166" alt="알찬미 2kg - 상품 이미지"/></noscript></span></a><div class="box__itemcard-info"><div class="box__element-info"><div class="element-info-qty"><button aria-describedby="itemCard_title_3930613582" class="sprite__smilefresh--before element-info-qty-minus" aria-disabled="true"><span class="for-a11y">상품 수 <!-- -->1<!-- --> 감소</span></button><span class="element-info-item-qty" aria-describedby="itemCard_title_3930613582"><span class="for-a11y">선택된 수량</span> <!-- -->1</span><button aria-describedby="itemCard_title_3930613582" class="sprite__smilefresh--before element-info-qty-plus"><span class="for-a11y">상품 수 <!-- -->1<!-- --> 증가</span></button></div><button type="button" class="sprite__smilefresh--before element-info-cart" aria-describedby="itemCard_title_3930613582"><span class="for-a11y">장바구니 담기</span></button></div><a href="https://item.gmarket.co.kr/Item?goodscode=3930613582" class="link__itemcard-info"><span class="box__itemcard-title-area" id="itemCard_title_3930613582"><span class="text__title" id="item_title">알찬미 2kg</span></span><span class="box__itemcard-price-area"><span class="box__price-seller"><span class="for-a11y">판매가</span><strong class="text__price-seller">10,400</strong><span class="text__unit">원</span></span></span><span class="box__itemcard-info-score"><span class="box__score-buycnt"><span class="text text__buy">구매</span><span class="text text__num">12</span><span class="for-a11y">건</span></span></span><span class="box__itemcard-benefit-tag"><span class="box__tag box__tag-coupon"><span class="sprite__smilefresh--before box__inner">15% 쿠폰</span></span></span></a><button type="button" class="sprite__smilefresh--after button__favorite-item" aria-describedby="itemCard_title_3930613582" aria-pressed="false" aria-label="관심상품 등록하기"></button></div></div></div></div></li><li class="list-item"><div class="box__itemcard-container"><div class="box__itemcard-body"><div class="box__itemcard-inner"><span class="box__thumbnail__label">50</span><a class="link__itemcard" href="https://item.gmarket.co.kr/Item?goodscode=2518479867" tabindex="-1" aria-hidden="true"><span class="box__itemcard-img"><img class="image__itemcard no-js-400?ver=1725088528" src="data:image/gif;base64,R0lGODlhAQABAIAAAP///wAAACH5BAEAAAAALAAAAAABAAEAAAICRAEAOw==" alt="씻어나온 쌀 2kg - 상품 이미지"/><noscript><style>.no-js-400?ver=1725088528 { display: none !important; }</style><img class="image__itemcard" src="https://gdimg.gmarket.co.kr/2518479867/still/400?ver=1725088528" alt="씻어나온 쌀 2kg - 상품 이미지"/></noscript></span></a><div class="box__itemcard-info"><div class="box__element-info"><div class="element-info-qty"><button aria-describedby="itemCard_title_2518479867" class="sprite__smilefresh--before element-info-qty-minus" aria-disabled="true"><span class="for-a11y">상품 수 <!-- -->1<!-- --> 감소</span></button><span class="element-info-item-qty" aria-describedby="itemCard_title_2518479867"><span class="for-a11y">선택된 수량</span> <!-- -->1</span><button aria-describedby="itemCard_title_2518479867" class="sprite__smilefresh--before element-info-qty-plus"><span class="for-a11y">상품 수 <!-- -->1<!-- --> 증가</span></button></div><button type="button" class="sprite__smilefresh--before element-info-cart" aria-describedby="itemCard_title_2518479867"><span class="for-a11y">장바구니 담기</span></button></div><a href="https://item.gmarket.co.kr/Item?goodscode=2518479867" class="link__itemcard-info"><span class="box__itemcard-title-area" id="itemCard_title_2518479867"><span class="text__title" id="item_title">씻어나온 쌀 2kg</span></span><span class="box__itemcard-price-area"><span class="box__price-seller"><span class="for-a11y">판매가</span><strong class="text__price-seller">10,480</strong><span class="text__unit">원</span></span><span class="box__prime-cost"><span class="for-a11y">원가</span><span class="text__unit-cost">(<!-- -->100g당 524원<!-- -->)</span></span></span><span class="box__itemcard-info-score"><span class="sprite__smilefresh--before box__score-awards"><span class="for-a11y">평점</span><span class="text text__score">4.8</span><span class="for-a11y">후기</span><span class="text text__num">(232)</span><span class="for-a11y">건</span></span><span class="box__score-buycnt"><span class="text text__buy">구매</span><span class="text text__num">808</span><span class="for-a11y">건</span></span></span><span class="box__itemcard-benefit-tag"><span class="box__tag box__tag-coupon"><span class="sprite__smilefresh--before box__inner">15% 쿠폰</span></span></span></a><button type="button" class="sprite__smilefresh--after button__favorite-item" aria-describedby="itemCard_title_2518479867" aria-pressed="false" aria-label="관심상품 등록하기"></button></div></div></div></div></li><li class="list-item"><div class="box__itemcard-container"><div class="box__itemcard-body"><div class="box__itemcard-inner"><span class="box__thumbnail__label">51</span><a class="link__itemcard" href="https://item.gmarket.co.kr/Item?goodscode=2518686358" tabindex="-1" aria-hidden="true"><span class="box__itemcard-img"><img class="image__itemcard no-js-400?ver=1725109591" src="data:image/gif;base64,R0lGODlhAQABAIAAAP///wAAACH5BAEAAAAALAAAAAABAAEAAAICRAEAOw==" alt="발아 현미 2kg - 상품 이미지"/><noscript><style>.no-js-400?ver=1725109591 { display: none !important; }</style><img class="image__itemcard" src="https://gdimg.gmarket.co.kr/2518686358/still/400?ver=1725109591" alt="발아 현미 2kg - 상품 이미지"/></noscript></span></a><div class="box__itemcard-info"><div class="box__element-info"><div class="element-info-qty"><button aria-describedby="itemCard_title_2518686358" class="sprite__smilefresh--before element-info-qty-minus" aria-disabled="true"><span class="for-a11y">상품 수 <!-- -->1<!-- --> 감소</span></button><span class="element-info-item-qty" aria-describedby="itemCard_title_2518686358"><span class="for-a11y">선택된 수량</span> <!-- -->1</span><button aria-describedby="itemCard_title_2518686358" class="sprite__smilefresh--before element-info-qty-plus"><span class="for-a11y">상품 수 <!-- -->1<!-- --> 증가</span></button></div><button type="button" class="sprite__smilefresh--before element-info-cart" aria-describedby="itemCard_title_2518686358"><span class="for-a11y">장바구니 담기</span></button></div><a href="https://item.gmarket.co.kr/Item?goodscode=2518686358" class="link__itemcard-info"><span class="box__itemcard-title-area" id="itemCard_title_2518686358"><span class="text__title" id="item_title">발아 현미 2kg</span></span><span class="box__itemcard-price-area"><span class="box__price-seller"><span class="for-a11y">판매가</span><strong class="text__price-seller">14,600</strong><span class="text__unit">원</span></span><span class="box__prime-cost"><span class="for-a11y">원가</span><span class="text__unit-cost">(<!-- -->100g당 730원<!-- -->)</span></span></span><span class="box__itemcard-info-score"><span class="sprite__smilefresh--before box__score-awards"><span class="for-a11y">평점</span><span class="text text__score">4.7</span><span class="for-a11y">후기</span><span class="text text__num">(39)</span><span class="for-a11y">건</span></span><span class="box__score-buycnt"><span class="text text__buy">구매</span><span class="text text__num">113</span><span class="for-a11y">건</span></span></span><span class="box__itemcard-benefit-tag"><span class="box__tag box__tag-coupon"><span class="sprite__smilefresh--before box__inner">15% 쿠폰</span></span></span></a><button type="button" class="sprite__smilefresh--after button__favorite-item" aria-describedby="itemCard_title_2518686358" aria-pressed="false" aria-label="관심상품 등록하기"></button></div></div></div></div></li><li class="list-item"><div class="box__itemcard-container"><div class="box__itemcard-body"><div class="box__itemcard-inner"><span class="box__thumbnail__label">52</span><a class="link__itemcard" href="https://item.gmarket.co.kr/Item?goodscode=2518706411" tabindex="-1" aria-hidden="true"><span class="box__itemcard-img"><img class="image__itemcard no-js-400?ver=1725091912" src="data:image/gif;base64,R0lGODlhAQABAIAAAP///wAAACH5BAEAAAAALAAAAAABAAEAAAICRAEAOw==" alt="씻거나 불릴필요없는통곡물밥상 2kg - 상품 이미지"/><noscript><style>.no-js-400?ver=1725091912 { display: none !important; }</style><img class="image__itemcard" src="https://gdimg.gmarket.co.kr/2518706411/still/400?ver=1725091912" alt="씻거나 불릴필요없는통곡물밥상 2kg - 상품 이미지"/></noscript></span></a><div class="box__itemcard-info"><div class="box__element-info"><div class="element-info-qty"><button aria-describedby="itemCard_title_2518706411" class="sprite__smilefresh--before element-info-qty-minus" aria-disabled="true"><span class="for-a11y">상품 수 <!-- -->1<!-- --> 감소</span></button><span class="element-info-item-qty" aria-describedby="itemCard_title_2518706411"><span class="for-a11y">선택된 수량</span> <!-- -->1</span><button aria-describedby="itemCard_title_2518706411" class="sprite__smilefresh--before element-info-qty-plus"><span class="for-a11y">상품 수 <!-- -->1<!-- --> 증가</span></button></div><button type="button" class="sprite__smilefresh--before element-info-cart" aria-describedby="itemCard_title_2518706411"><span class="for-a11y">장바구니 담기</span></button></div><a href="https://item.gmarket.co.kr/Item?goodscode=2518706411" class="link__itemcard-info"><span class="box__itemcard-title-area" id="itemCard_title_2518706411"><span class="text__title" id="item_title">씻거나 불릴필요없는통곡물밥상 2kg</span></span><span class="box__itemcard-price-area"><span class="box__price-seller"><span class="for-a11y">판매가</span><strong class="text__price-seller">16,600</strong><span class="text__unit">원</span></span></span><span class="box__itemcard-info-score"><span class="sprite__smilefresh--before box__score-awards"><span class="for-a11y">평점</span><span class="text text__score">4.7</span><span class="for-a11y">후기</span><span class="text text__num">(111)</span><span class="for-a11y">건</span></span><span class="box__score-buycnt"><span class="text text__buy">구매</span><span class="text text__num">313</span><span class="for-a11y">건</span></span></span><span class="box__itemcard-benefit-tag"><span class="box__tag box__tag-coupon"><span class="sprite__smilefresh--before box__inner">15% 쿠폰</span></span></span></a><button type="button" class="sprite__smilefresh--after button__favorite-item" aria-describedby="itemCard_title_2518706411" aria-pressed="false" aria-label="관심상품 등록하기"></button></div></div></div></div></li><li class="list-item"><div class="box__itemcard-container"><div class="box__itemcard-body"><div class="box__itemcard-inner"><span class="box__thumbnail__label">53</span><a class="link__itemcard" href="https://item.gmarket.co.kr/Item?goodscode=2522887090" tabindex="-1" aria-hidden="true"><span class="box__itemcard-img"><img class="image__itemcard no-js-400?ver=1725119855" src="data:image/gif;base64,R0lGODlhAQABAIAAAP///wAAACH5BAEAAAAALAAAAAABAAEAAAICRAEAOw==" alt="자연주의 무농약 찹쌀 2kg - 상품 이미지"/><noscript><style>.no-js-400?ver=1725119855 { display: none !important; }</style><img class="image__itemcard" src="https://gdimg.gmarket.co.kr/2522887090/still/400?ver=1725119855" alt="자연주의 무농약 찹쌀 2kg - 상품 이미지"/></noscript></span></a><div class="box__itemcard-info"><div class="box__element-info"><div class="element-info-qty"><button aria-describedby="itemCard_title_2522887090" class="sprite__smilefresh--before element-info-qty-minus" aria-disabled="true"><span class="for-a11y">상품 수 <!-- -->1<!-- --> 감소</span></button><span class="element-info-item-qty" aria-describedby="itemCard_title_2522887090"><span class="for-a11y">선택된 수량</span> <!-- -->1</span><button aria-describedby="itemCard_title_2522887090" class="sprite__smilefresh--before element-info-qty-plus"><span class="for-a11y">상품 수 <!-- -->1<!-- --> 증가</span></button></div><button type="button" class="sprite__smilefresh--before element-info-cart" aria-describedby="itemCard_title_2522887090"><span class="for-a11y">장바구니 담기</span></button></div><a href="https://item.gmarket.co.kr/Item?goodscode=2522887090" class="link__itemcard-info"><span class="box__itemcard-title-area" id="itemCard_title_2522887090"><span class="text__title" id="item_title">자연주의 무농약 찹쌀 2kg</span></span><span class="box__itemcard-price-area"><span class="box__price-seller"><span class="for-a11y">판매가</span><strong class="text__price-seller">13,980</strong><span class="text__unit">원</span></span><span class="box__prime-cost"><span class="for-a11y">원가</span><span class="text__unit-cost">(<!-- -->100g당 699원<!-- -->)</span></span></span><span class="box__itemcard-info-score"><span class="sprite__smilefresh--before box__score-awards"><span class="for-a11y">평점</span><span class="text text__score">4.7</span><span class="for-a11y">후기</span><span class="text text__num">(26)</span><span class="for-a11y">건</span></span><span class="box__score-buycnt"><span class="text text__buy">구매</span><span class="text text__num">93</span><span class="for-a11y">건</span></span></span><span class="box__itemcard-benefit-tag"><span class="box__tag box__tag-coupon"><span class="sprite__smilefresh--before box__inner">15% 쿠폰</span></span></span></a><button type="button" class="sprite__smilefresh--after button__favorite-item" aria-describedby="itemCard_title_2522887090" aria-pressed="false" aria-label="관심상품 등록하기"></button></div></div></div></div></li><li class="list-item"><div class="box__itemcard-container"><div class="box__itemcard-body"><div class="box__itemcard-inner"><span class="box__thumbnail__label">54</span><a class="link__itemcard" href="https://item.gmarket.co.kr/Item?goodscode=2518877202" tabindex="-1" aria-hidden="true"><span class="box__itemcard-img"><img class="image__itemcard no-js-400?ver=1725245122" src="data:image/gif;base64,R0lGODlhAQABAIAAAP///wAAACH5BAEAAAAALAAAAAABAAEAAAICRAEAOw==" alt="임금님표 이천쌀 4kg - 상품 이미지"/><noscript><style>.no-js-400?ver=1725245122 { display: none !important; }</style><img class="image__itemcard" src="https://gdimg.gmarket.co.kr/2518877202/still/400?ver=1725245122" alt="임금님표 이천쌀 4kg - 상품 이미지"/></noscript></span></a><div class="box__itemcard-info"><div class="box__element-info"><div class="element-info-qty"><button aria-describedby="itemCard_title_2518877202" class="sprite__smilefresh--before element-info-qty-minus" aria-disabled="true"><span class="for-a11y">상품 수 <!-- -->1<!-- --> 감소</span></button><span class="element-info-item-qty" aria-describedby="itemCard_title_2518877202"><span class="for-a11y">선택된 수량</span> <!-- -->1</span><button aria-describedby="itemCard_title_2518877202" class="sprite__smilefresh--before element-info-qty-plus"><span class="for-a11y">상품 수 <!-- -->1<!-- --> 증가</span></button></div><button type="button" class="sprite__smilefresh--before element-info-cart" aria-describedby="itemCard_title_2518877202"><span class="for-a11y">장바구니 담기</span></button></div><a href="https://item.gmarket.co.kr/Item?goodscode=2518877202" class="link__itemcard-info"><span class="box__itemcard-title-area" id="itemCard_title_2518877202"><span class="text__brand"><span class="text">임금님표이천</span></span><span class="text__title" id="item_title">임금님표 이천쌀 4kg</span></span><span class="box__itemcard-price-area"><span class="box__price-seller"><span class="for-a11y">판매가</span><strong class="text__price-seller">24,900</strong><span class="text__unit">원</span></span><span class="box__prime-cost"><span class="for-a11y">원가</span><span class="text__unit-cost">(<!-- -->100g당 623원<!-- -->)</span></span></span><span class="box__itemcard-info-score"><span class="sprite__smilefresh--before box__score-awards"><span class="for-a11y">평점</span><span class="text text__score">3.3</span><span class="for-a11y">후기</span><span class="text text__num">(3)</span><span class="for-a11y">건</span></span><span class="box__score-buycnt"><span class="text text__buy">구매</span><span class="text text__num">11</span><span class="for-a11y">건</span></span></span><span class="box__itemcard-benefit-tag"><span class="box__tag box__tag-coupon"><span class="sprite__smilefresh--before box__inner">15% 쿠폰</span></span></span></a><button type="button" class="sprite__smilefresh--after button__favorite-item" aria-describedby="itemCard_title_2518877202" aria-pressed="false" aria-label="관심상품 등록하기"></button></div></div></div></div></li><li class="list-item"><div class="box__itemcard-container"><div class="box__itemcard-body"><div class="box__itemcard-inner"><span class="box__thumbnail__label">55</span><a class="link__itemcard" href="https://item.gmarket.co.kr/Item?goodscode=2523342195" tabindex="-1" aria-hidden="true"><span class="box__itemcard-img"><img class="image__itemcard no-js-400?ver=1725121674" src="data:image/gif;base64,R0lGODlhAQABAIAAAP///wAAACH5BAEAAAAALAAAAAABAAEAAAICRAEAOw==" alt="마시는 오트밀 375g (25g15봉) - 상품 이미지"/><noscript><style>.no-js-400?ver=1725121674 { display: none !important; }</style><img class="image__itemcard" src="https://gdimg.gmarket.co.kr/2523342195/still/400?ver=1725121674" alt="마시는 오트밀 375g (25g15봉) - 상품 이미지"/></noscript></span></a><div class="box__itemcard-info"><div class="box__element-info"><div class="element-info-qty"><button aria-describedby="itemCard_title_2523342195" class="sprite__smilefresh--before element-info-qty-minus" aria-disabled="true"><span class="for-a11y">상품 수 <!-- -->1<!-- --> 감소</span></button><span class="element-info-item-qty" aria-describedby="itemCard_title_2523342195"><span class="for-a11y">선택된 수량</span> <!-- -->1</span><button aria-describedby="itemCard_title_2523342195" class="sprite__smilefresh--before element-info-qty-plus"><span class="for-a11y">상품 수 <!-- -->1<!-- --> 증가</span></button></div><button type="button" class="sprite__smilefresh--before element-info-cart" aria-describedby="itemCard_title_2523342195"><span class="for-a11y">장바구니 담기</span></button></div><a href="https://item.gmarket.co.kr/Item?goodscode=2523342195" class="link__itemcard-info"><span class="box__itemcard-title-area" id="itemCard_title_2523342195"><span class="text__title" id="item_title">마시는 오트밀 375g (25g15봉)</span></span><span class="box__itemcard-price-area"><span class="box__price-seller"><span class="for-a11y">판매가</span><strong class="text__price-seller">7,280</strong><span class="text__unit">원</span></span></span><span class="box__itemcard-info-score"><span class="sprite__smilefresh--before box__score-awards"><span class="for-a11y">평점</span><span class="text text__score">4.7</span><span class="for-a11y">후기</span><span class="text text__num">(18)</span><span class="for-a11y">건</span></span><span class="box__score-buycnt"><span class="text text__buy">구매</span><span class="text text__num">226</span><span class="for-a11y">건</span></span></span><span class="box__itemcard-benefit-tag"><span class="box__tag box__tag-coupon"><span class="sprite__smilefresh--before box__inner">15% 쿠폰</span></span></span></a><button type="button" class="sprite__smilefresh--after button__favorite-item" aria-describedby="itemCard_title_2523342195" aria-pressed="false" aria-label="관심상품 등록하기"></button></div></div></div></div></li><li class="list-item"><div class="box__itemcard-container"><div class="box__itemcard-body"><div class="box__itemcard-inner"><span class="box__thumbnail__label">56</span><a class="link__itemcard" href="https://item.gmarket.co.kr/Item?goodscode=2522650279" tabindex="-1" aria-hidden="true"><span class="box__itemcard-img"><img class="image__itemcard no-js-400?ver=1725104017" src="data:image/gif;base64,R0lGODlhAQABAIAAAP///wAAACH5BAEAAAAALAAAAAABAAEAAAICRAEAOw==" alt="백태500g - 상품 이미지"/><noscript><style>.no-js-400?ver=1725104017 { display: none !important; }</style><img class="image__itemcard" src="https://gdimg.gmarket.co.kr/2522650279/still/400?ver=1725104017" alt="백태500g - 상품 이미지"/></noscript></span></a><div class="box__itemcard-info"><div class="box__element-info"><div class="element-info-qty"><button aria-describedby="itemCard_title_2522650279" class="sprite__smilefresh--before element-info-qty-minus" aria-disabled="true"><span class="for-a11y">상품 수 <!-- -->1<!-- --> 감소</span></button><span class="element-info-item-qty" aria-describedby="itemCard_title_2522650279"><span class="for-a11y">선택된 수량</span> <!-- -->1</span><button aria-describedby="itemCard_title_2522650279" class="sprite__smilefresh--before element-info-qty-plus"><span class="for-a11y">상품 수 <!-- -->1<!-- --> 증가</span></button></div><button type="button" class="sprite__smilefresh--before element-info-cart" aria-describedby="itemCard_title_2522650279"><span class="for-a11y">장바구니 담기</span></button></div><a href="https://item.gmarket.co.kr/Item?goodscode=2522650279" class="link__itemcard-info"><span class="box__itemcard-title-area" id="itemCard_title_2522650279"><span class="text__title" id="item_title">백태500g</span></span><span class="box__itemcard-price-area"><span class="box__price-seller"><span class="for-a11y">판매가</span><strong class="text__price-seller">6,280</strong><span class="text__unit">원</span></span></span><span class="box__itemcard-info-score"><span class="sprite__smilefresh--before box__score-awards"><span class="for-a11y">평점</span><span class="text text__score">4.7</span><span class="for-a11y">후기</span><span class="text text__num">(193)</span><span class="for-a11y">건</span></span><span class="box__score-buycnt"><span class="text text__buy">구매</span><span class="text text__num">643</span><span class="for-a11y">건</span></span></span><span class="box__itemcard-benefit-tag"><span class="box__tag box__tag-coupon"><span class="sprite__smilefresh--before box__inner">15% 쿠폰</span></span></span></a><button type="button" class="sprite__smilefresh--after button__favorite-item" aria-describedby="itemCard_title_2522650279" aria-pressed="false" aria-label="관심상품 등록하기"></button></div></div></div></div></li><li class="list-item"><div class="box__itemcard-container"><div class="box__itemcard-body"><div class="box__itemcard-inner"><span class="box__thumbnail__label">57</span><a class="link__itemcard" href="https://item.gmarket.co.kr/Item?goodscode=2522882186" tabindex="-1" aria-hidden="true"><span class="box__itemcard-img"><img class="image__itemcard no-js-400?ver=1725100093" src="data:image/gif;base64,R0lGODlhAQABAIAAAP///wAAACH5BAEAAAAALAAAAAABAAEAAAICRAEAOw==" alt="피코크 국산 통참깨 190g(용기) - 상품 이미지"/><noscript><style>.no-js-400?ver=1725100093 { display: none !important; }</style><img class="image__itemcard" src="https://gdimg.gmarket.co.kr/2522882186/still/400?ver=1725100093" alt="피코크 국산 통참깨 190g(용기) - 상품 이미지"/></noscript></span></a><div class="box__itemcard-info"><div class="box__element-info"><div class="element-info-qty"><button aria-describedby="itemCard_title_2522882186" class="sprite__smilefresh--before element-info-qty-minus" aria-disabled="true"><span class="for-a11y">상품 수 <!-- -->1<!-- --> 감소</span></button><span class="element-info-item-qty" aria-describedby="itemCard_title_2522882186"><span class="for-a11y">선택된 수량</span> <!-- -->1</span><button aria-describedby="itemCard_title_2522882186" class="sprite__smilefresh--before element-info-qty-plus"><span class="for-a11y">상품 수 <!-- -->1<!-- --> 증가</span></button></div><button type="button" class="sprite__smilefresh--before element-info-cart" aria-describedby="itemCard_title_2522882186"><span class="for-a11y">장바구니 담기</span></button></div><a href="https://item.gmarket.co.kr/Item?goodscode=2522882186" class="link__itemcard-info"><span class="box__itemcard-title-area" id="itemCard_title_2522882186"><span class="text__title" id="item_title">피코크 국산 통참깨 190g(용기)</span></span><span class="box__itemcard-price-area"><span class="box__price-seller"><span class="for-a11y">판매가</span><strong class="text__price-seller">17,800</strong><span class="text__unit">원</span></span></span><span class="box__itemcard-info-score"><span class="sprite__smilefresh--before box__score-awards"><span class="for-a11y">평점</span><span class="text text__score">4.8</span><span class="for-a11y">후기</span><span class="text text__num">(17)</span><span class="for-a11y">건</span></span><span class="box__score-buycnt"><span class="text text__buy">구매</span><span class="text text__num">110</span><span class="for-a11y">건</span></span></span><span class="box__itemcard-benefit-tag"><span class="box__tag box__tag-coupon"><span class="sprite__smilefresh--before box__inner">15% 쿠폰</span></span></span></a><button type="button" class="sprite__smilefresh--after button__favorite-item" aria-describedby="itemCard_title_2522882186" aria-pressed="false" aria-label="관심상품 등록하기"></button></div></div></div></div></li><li class="list-item"><div class="box__itemcard-container"><div class="box__itemcard-body"><div class="box__itemcard-inner"><span class="box__thumbnail__label">58</span><a class="link__itemcard" href="https://item.gmarket.co.kr/Item?goodscode=2523131978" tabindex="-1" aria-hidden="true"><span class="box__itemcard-img"><img class="image__itemcard no-js-400?ver=1725100778" src="data:image/gif;base64,R0lGODlhAQABAIAAAP///wAAACH5BAEAAAAALAAAAAABAAEAAAICRAEAOw==" alt="블랙 렌틸콩 500g - 상품 이미지"/><noscript><style>.no-js-400?ver=1725100778 { display: none !important; }</style><img class="image__itemcard" src="https://gdimg.gmarket.co.kr/2523131978/still/400?ver=1725100778" alt="블랙 렌틸콩 500g - 상품 이미지"/></noscript></span></a><div class="box__itemcard-info"><div class="box__element-info"><div class="element-info-qty"><button aria-describedby="itemCard_title_2523131978" class="sprite__smilefresh--before element-info-qty-minus" aria-disabled="true"><span class="for-a11y">상품 수 <!-- -->1<!-- --> 감소</span></button><span class="element-info-item-qty" aria-describedby="itemCard_title_2523131978"><span class="for-a11y">선택된 수량</span> <!-- -->1</span><button aria-describedby="itemCard_title_2523131978" class="sprite__smilefresh--before element-info-qty-plus"><span class="for-a11y">상품 수 <!-- -->1<!-- --> 증가</span></button></div><button type="button" class="sprite__smilefresh--before element-info-cart" aria-describedby="itemCard_title_2523131978"><span class="for-a11y">장바구니 담기</span></button></div><a href="https://item.gmarket.co.kr/Item?goodscode=2523131978" class="link__itemcard-info"><span class="box__itemcard-title-area" id="itemCard_title_2523131978"><span class="text__title" id="item_title">블랙 렌틸콩 500g</span></span><span class="box__itemcard-price-area"><span class="box__price-seller"><span class="for-a11y">판매가</span><strong class="text__price-seller">4,680</strong><span class="text__unit">원</span></span></span><span class="box__itemcard-info-score"><span class="sprite__smilefresh--before box__score-awards"><span class="for-a11y">평점</span><span class="text text__score">4.8</span><span class="for-a11y">후기</span><span class="text text__num">(247)</span><span class="for-a11y">건</span></span><span class="box__score-buycnt"><span class="text text__buy">구매</span><span class="text text__num">771</span><span class="for-a11y">건</span></span></span><span class="box__itemcard-benefit-tag"><span class="box__tag box__tag-coupon"><span class="sprite__smilefresh--before box__inner">15% 쿠폰</span></span></span></a><button type="button" class="sprite__smilefresh--after button__favorite-item" aria-describedby="itemCard_title_2523131978" aria-pressed="false" aria-label="관심상품 등록하기"></button></div></div></div></div></li><li class="list-item"><div class="box__itemcard-container"><div class="box__itemcard-body"><div class="box__itemcard-inner"><span class="box__thumbnail__label">59</span><a class="link__itemcard" href="https://item.gmarket.co.kr/Item?goodscode=2547596721" tabindex="-1" aria-hidden="true"><span class="box__itemcard-img"><img class="image__itemcard no-js-400?ver=1725119186" src="data:image/gif;base64,R0lGODlhAQABAIAAAP///wAAACH5BAEAAAAALAAAAAABAAEAAAICRAEAOw==" alt="가바현미가 들어간 우리아이건강밥1kg - 상품 이미지"/><noscript><style>.no-js-400?ver=1725119186 { display: none !important; }</style><img class="image__itemcard" src="https://gdimg.gmarket.co.kr/2547596721/still/400?ver=1725119186" alt="가바현미가 들어간 우리아이건강밥1kg - 상품 이미지"/></noscript></span></a><div class="box__itemcard-info"><div class="box__element-info"><div class="element-info-qty"><button aria-describedby="itemCard_title_2547596721" class="sprite__smilefresh--before element-info-qty-minus" aria-disabled="true"><span class="for-a11y">상품 수 <!-- -->1<!-- --> 감소</span></button><span class="element-info-item-qty" aria-describedby="itemCard_title_2547596721"><span class="for-a11y">선택된 수량</span> <!-- -->1</span><button aria-describedby="itemCard_title_2547596721" class="sprite__smilefresh--before element-info-qty-plus"><span class="for-a11y">상품 수 <!-- -->1<!-- --> 증가</span></button></div><button type="button" class="sprite__smilefresh--before element-info-cart" aria-describedby="itemCard_title_2547596721"><span class="for-a11y">장바구니 담기</span></button></div><a href="https://item.gmarket.co.kr/Item?goodscode=2547596721" class="link__itemcard-info"><span class="box__itemcard-title-area" id="itemCard_title_2547596721"><span class="text__title" id="item_title">가바현미가 들어간 우리아이건강밥1kg</span></span><span class="box__itemcard-price-area"><span class="box__price-seller"><span class="for-a11y">판매가</span><strong class="text__price-seller">9,380</strong><span class="text__unit">원</span></span></span><span class="box__itemcard-info-score"><span class="sprite__smilefresh--before box__score-awards"><span class="for-a11y">평점</span><span class="text text__score">4.9</span><span class="for-a11y">후기</span><span class="text text__num">(31)</span><span class="for-a11y">건</span></span><span class="box__score-buycnt"><span class="text text__buy">구매</span><span class="text text__num">141</span><span class="for-a11y">건</span></span></span><span class="box__itemcard-benefit-tag"><span class="box__tag box__tag-coupon"><span class="sprite__smilefresh--before box__inner">15% 쿠폰</span></span></span></a><button type="button" class="sprite__smilefresh--after button__favorite-item" aria-describedby="itemCard_title_2547596721" aria-pressed="false" aria-label="관심상품 등록하기"></button></div></div></div></div></li><li class="list-item"><div class="box__itemcard-container"><div class="box__itemcard-body"><div class="box__itemcard-inner"><span class="box__thumbnail__label">60</span><a class="link__itemcard" href="https://item.gmarket.co.kr/Item?goodscode=3951320650" tabindex="-1" aria-hidden="true"><span class="box__itemcard-img"><img class="image__itemcard no-js-400?ver=1725434991" src="data:image/gif;base64,R0lGODlhAQABAIAAAP///wAAACH5BAEAAAAALAAAAAABAAEAAAICRAEAOw==" alt="찹쌀 3kg - 상품 이미지"/><noscript><style>.no-js-400?ver=1725434991 { display: none !important; }</style><img class="image__itemcard" src="https://gdimg.gmarket.co.kr/3951320650/still/400?ver=1725434991" alt="찹쌀 3kg - 상품 이미지"/></noscript></span></a><div class="box__itemcard-info"><div class="box__element-info"><div class="element-info-qty"><button aria-describedby="itemCard_title_3951320650" class="sprite__smilefresh--before element-info-qty-minus" aria-disabled="true"><span class="for-a11y">상품 수 <!-- -->1<!-- --> 감소</span></button><span class="element-info-item-qty" aria-describedby="itemCard_title_3951320650"><span class="for-a11y">선택된 수량</span> <!-- -->1</span><button aria-describedby="itemCard_title_3951320650" class="sprite__smilefresh--before element-info-qty-plus"><span class="for-a11y">상품 수 <!-- -->1<!-- --> 증가</span></button></div><button type="button" class="sprite__smilefresh--before element-info-cart" aria-describedby="itemCard_title_3951320650"><span class="for-a11y">장바구니 담기</span></button></div><a href="https://item.gmarket.co.kr/Item?goodscode=3951320650" class="link__itemcard-info"><span class="box__itemcard-title-area" id="itemCard_title_3951320650"><span class="text__title" id="item_title">찹쌀 3kg</span></span><span class="box__itemcard-price-area"><span class="box__price-seller"><span class="for-a11y">판매가</span><strong class="text__price-seller">9,980</strong><span class="text__unit">원</span></span><span class="box__prime-cost"><span class="for-a11y">원가</span><span class="text__unit-cost">(<!-- -->100g당 333원<!-- -->)</span></span></span><span class="box__itemcard-info-score"><span class="sprite__smilefresh--before box__score-awards"><span class="for-a11y">평점</span><span class="text text__score">4.8</span><span class="for-a11y">후기</span><span class="text text__num">(294)</span><span class="for-a11y">건</span></span><span class="box__score-buycnt"><span class="text text__buy">구매</span><span class="text text__num">778</span><span class="for-a11y">건</span></span></span><span class="box__itemcard-benefit-tag"><span class="box__tag box__tag-coupon"><span class="sprite__smilefresh--before box__inner">15% 쿠폰</span></span></span></a><button type="button" class="sprite__smilefresh--after button__favorite-item" aria-describedby="itemCard_title_3951320650" aria-pressed="false" aria-label="관심상품 등록하기"></button></div></div></div></div></li><li class="list-item"><div class="box__itemcard-container"><div class="box__itemcard-body"><div class="box__itemcard-inner"><span class="box__thumbnail__label">61</span><a class="link__itemcard" href="https://item.gmarket.co.kr/Item?goodscode=2518530150" tabindex="-1" aria-hidden="true"><span class="box__itemcard-img"><img class="image__itemcard no-js-400?ver=1725088259" src="data:image/gif;base64,R0lGODlhAQABAIAAAP///wAAACH5BAEAAAAALAAAAAABAAEAAAICRAEAOw==" alt="120시간숙성한팥500g - 상품 이미지"/><noscript><style>.no-js-400?ver=1725088259 { display: none !important; }</style><img class="image__itemcard" src="https://gdimg.gmarket.co.kr/2518530150/still/400?ver=1725088259" alt="120시간숙성한팥500g - 상품 이미지"/></noscript></span></a><div class="box__itemcard-info"><div class="box__element-info"><div class="element-info-qty"><button aria-describedby="itemCard_title_2518530150" class="sprite__smilefresh--before element-info-qty-minus" aria-disabled="true"><span class="for-a11y">상품 수 <!-- -->1<!-- --> 감소</span></button><span class="element-info-item-qty" aria-describedby="itemCard_title_2518530150"><span class="for-a11y">선택된 수량</span> <!-- -->1</span><button aria-describedby="itemCard_title_2518530150" class="sprite__smilefresh--before element-info-qty-plus"><span class="for-a11y">상품 수 <!-- -->1<!-- --> 증가</span></button></div><button type="button" class="sprite__smilefresh--before element-info-cart" aria-describedby="itemCard_title_2518530150"><span class="for-a11y">장바구니 담기</span></button></div><a href="https://item.gmarket.co.kr/Item?goodscode=2518530150" class="link__itemcard-info"><span class="box__itemcard-title-area" id="itemCard_title_2518530150"><span class="text__title" id="item_title">120시간숙성한팥500g</span></span><span class="box__itemcard-price-area"><span class="box__price-seller"><span class="for-a11y">판매가</span><strong class="text__price-seller">11,300</strong><span class="text__unit">원</span></span></span><span class="box__itemcard-info-score"><span class="sprite__smilefresh--before box__score-awards"><span class="for-a11y">평점</span><span class="text text__score">4.7</span><span class="for-a11y">후기</span><span class="text text__num">(388)</span><span class="for-a11y">건</span></span><span class="box__score-buycnt"><span class="text text__buy">구매</span><span class="text text__num">1,089</span><span class="for-a11y">건</span></span></span><span class="box__itemcard-benefit-tag"><span class="box__tag box__tag-coupon"><span class="sprite__smilefresh--before box__inner">15% 쿠폰</span></span></span></a><button type="button" class="sprite__smilefresh--after button__favorite-item" aria-describedby="itemCard_title_2518530150" aria-pressed="false" aria-label="관심상품 등록하기"></button></div></div></div></div></li><li class="list-item"><div class="box__itemcard-container"><div class="box__itemcard-body"><div class="box__itemcard-inner"><span class="box__thumbnail__label">62</span><a class="link__itemcard" href="https://item.gmarket.co.kr/Item?goodscode=2518981151" tabindex="-1" aria-hidden="true"><span class="box__itemcard-img"><img class="image__itemcard no-js-400?ver=1725092322" src="data:image/gif;base64,R0lGODlhAQABAIAAAP///wAAACH5BAEAAAAALAAAAAABAAEAAAICRAEAOw==" alt="120시간숙성율무쌀500g - 상품 이미지"/><noscript><style>.no-js-400?ver=1725092322 { display: none !important; }</style><img class="image__itemcard" src="https://gdimg.gmarket.co.kr/2518981151/still/400?ver=1725092322" alt="120시간숙성율무쌀500g - 상품 이미지"/></noscript></span></a><div class="box__itemcard-info"><div class="box__element-info"><div class="element-info-qty"><button aria-describedby="itemCard_title_2518981151" class="sprite__smilefresh--before element-info-qty-minus" aria-disabled="true"><span class="for-a11y">상품 수 <!-- -->1<!-- --> 감소</span></button><span class="element-info-item-qty" aria-describedby="itemCard_title_2518981151"><span class="for-a11y">선택된 수량</span> <!-- -->1</span><button aria-describedby="itemCard_title_2518981151" class="sprite__smilefresh--before element-info-qty-plus"><span class="for-a11y">상품 수 <!-- -->1<!-- --> 증가</span></button></div><button type="button" class="sprite__smilefresh--before element-info-cart" aria-describedby="itemCard_title_2518981151"><span class="for-a11y">장바구니 담기</span></button></div><a href="https://item.gmarket.co.kr/Item?goodscode=2518981151" class="link__itemcard-info"><span class="box__itemcard-title-area" id="itemCard_title_2518981151"><span class="text__title" id="item_title">120시간숙성율무쌀500g</span></span><span class="box__itemcard-price-area"><span class="box__price-seller"><span class="for-a11y">판매가</span><strong class="text__price-seller">12,400</strong><span class="text__unit">원</span></span></span><span class="box__itemcard-info-score"><span class="sprite__smilefresh--before box__score-awards"><span class="for-a11y">평점</span><span class="text text__score">4.6</span><span class="for-a11y">후기</span><span class="text text__num">(51)</span><span class="for-a11y">건</span></span><span class="box__score-buycnt"><span class="text text__buy">구매</span><span class="text text__num">149</span><span class="for-a11y">건</span></span></span><span class="box__itemcard-benefit-tag"><span class="box__tag box__tag-coupon"><span class="sprite__smilefresh--before box__inner">15% 쿠폰</span></span></span></a><button type="button" class="sprite__smilefresh--after button__favorite-item" aria-describedby="itemCard_title_2518981151" aria-pressed="false" aria-label="관심상품 등록하기"></button></div></div></div></div></li><li class="list-item"><div class="box__itemcard-container"><div class="box__itemcard-body"><div class="box__itemcard-inner"><span class="box__thumbnail__label">63</span><a class="link__itemcard" href="https://item.gmarket.co.kr/Item?goodscode=2522645857" tabindex="-1" aria-hidden="true"><span class="box__itemcard-img"><img class="image__itemcard no-js-400?ver=1711696728" src="data:image/gif;base64,R0lGODlhAQABAIAAAP///wAAACH5BAEAAAAALAAAAAABAAEAAAICRAEAOw==" alt="압맥1.7kg - 상품 이미지"/><noscript><style>.no-js-400?ver=1711696728 { display: none !important; }</style><img class="image__itemcard" src="https://gdimg.gmarket.co.kr/2522645857/still/400?ver=1711696728" alt="압맥1.7kg - 상품 이미지"/></noscript></span></a><div class="box__itemcard-info"><div class="box__element-info"><div class="element-info-qty"><button aria-describedby="itemCard_title_2522645857" class="sprite__smilefresh--before element-info-qty-minus" aria-disabled="true"><span class="for-a11y">상품 수 <!-- -->1<!-- --> 감소</span></button><span class="element-info-item-qty" aria-describedby="itemCard_title_2522645857"><span class="for-a11y">선택된 수량</span> <!-- -->1</span><button aria-describedby="itemCard_title_2522645857" class="sprite__smilefresh--before element-info-qty-plus"><span class="for-a11y">상품 수 <!-- -->1<!-- --> 증가</span></button></div><button type="button" class="sprite__smilefresh--before element-info-cart" aria-describedby="itemCard_title_2522645857"><span class="for-a11y">장바구니 담기</span></button></div><a href="https://item.gmarket.co.kr/Item?goodscode=2522645857" class="link__itemcard-info"><span class="box__itemcard-title-area" id="itemCard_title_2522645857"><span class="text__title" id="item_title">압맥1.7kg</span></span><span class="box__itemcard-price-area"><span class="box__price-seller"><span class="for-a11y">판매가</span><strong class="text__price-seller">10,400</strong><span class="text__unit">원</span></span></span><span class="box__itemcard-info-score"><span class="sprite__smilefresh--before box__score-awards"><span class="for-a11y">평점</span><span class="text text__score">4.8</span><span class="for-a11y">후기</span><span class="text text__num">(69)</span><span class="for-a11y">건</span></span><span class="box__score-buycnt"><span class="text text__buy">구매</span><span class="text text__num">157</span><span class="for-a11y">건</span></span></span><span class="box__itemcard-benefit-tag"><span class="box__tag box__tag-coupon"><span class="sprite__smilefresh--before box__inner">15% 쿠폰</span></span></span></a><button type="button" class="sprite__smilefresh--after button__favorite-item" aria-describedby="itemCard_title_2522645857" aria-pressed="false" aria-label="관심상품 등록하기"></button></div></div></div></div></li><li class="list-item"><div class="box__itemcard-container"><div class="box__itemcard-body"><div class="box__itemcard-inner"><span class="box__thumbnail__label">64</span><a class="link__itemcard" href="https://item.gmarket.co.kr/Item?goodscode=2523343580" tabindex="-1" aria-hidden="true"><span class="box__itemcard-img"><img class="image__itemcard no-js-400?ver=1725122370" src="data:image/gif;base64,R0lGODlhAQABAIAAAP///wAAACH5BAEAAAAALAAAAAABAAEAAAICRAEAOw==" alt="한끼오트밀 450g (30g15봉) - 상품 이미지"/><noscript><style>.no-js-400?ver=1725122370 { display: none !important; }</style><img class="image__itemcard" src="https://gdimg.gmarket.co.kr/2523343580/still/400?ver=1725122370" alt="한끼오트밀 450g (30g15봉) - 상품 이미지"/></noscript></span></a><div class="box__itemcard-info"><div class="box__element-info"><div class="element-info-qty"><button aria-describedby="itemCard_title_2523343580" class="sprite__smilefresh--before element-info-qty-minus" aria-disabled="true"><span class="for-a11y">상품 수 <!-- -->1<!-- --> 감소</span></button><span class="element-info-item-qty" aria-describedby="itemCard_title_2523343580"><span class="for-a11y">선택된 수량</span> <!-- -->1</span><button aria-describedby="itemCard_title_2523343580" class="sprite__smilefresh--before element-info-qty-plus"><span class="for-a11y">상품 수 <!-- -->1<!-- --> 증가</span></button></div><button type="button" class="sprite__smilefresh--before element-info-cart" aria-describedby="itemCard_title_2523343580"><span class="for-a11y">장바구니 담기</span></button></div><a href="https://item.gmarket.co.kr/Item?goodscode=2523343580" class="link__itemcard-info"><span class="box__itemcard-title-area" id="itemCard_title_2523343580"><span class="text__title" id="item_title">한끼오트밀 450g (30g15봉)</span></span><span class="box__itemcard-price-area"><span class="box__price-seller"><span class="for-a11y">판매가</span><strong class="text__price-seller">6,280</strong><span class="text__unit">원</span></span></span><span class="box__itemcard-info-score"><span class="sprite__smilefresh--before box__score-awards"><span class="for-a11y">평점</span><span class="text text__score">4.9</span><span class="for-a11y">후기</span><span class="text text__num">(39)</span><span class="for-a11y">건</span></span><span class="box__score-buycnt"><span class="text text__buy">구매</span><span class="text text__num">392</span><span class="for-a11y">건</span></span></span><span class="box__itemcard-benefit-tag"><span class="box__tag box__tag-coupon"><span class="sprite__smilefresh--before box__inner">15% 쿠폰</span></span></span></a><button type="button" class="sprite__smilefresh--after button__favorite-item" aria-describedby="itemCard_title_2523343580" aria-pressed="false" aria-label="관심상품 등록하기"></button></div></div></div></div></li><li class="list-item"><div class="box__itemcard-container"><div class="box__itemcard-body"><div class="box__itemcard-inner"><span class="box__thumbnail__label">65</span><a class="link__itemcard" href="https://item.gmarket.co.kr/Item?goodscode=2518476166" tabindex="-1" aria-hidden="true"><span class="box__itemcard-img"><img class="image__itemcard no-js-400?ver=1725088521" src="data:image/gif;base64,R0lGODlhAQABAIAAAP///wAAACH5BAEAAAAALAAAAAABAAEAAAICRAEAOw==" alt="오뚜기 옛날 볶음참깨 200g - 상품 이미지"/><noscript><style>.no-js-400?ver=1725088521 { display: none !important; }</style><img class="image__itemcard" src="https://gdimg.gmarket.co.kr/2518476166/still/400?ver=1725088521" alt="오뚜기 옛날 볶음참깨 200g - 상품 이미지"/></noscript></span></a><div class="box__itemcard-info"><div class="box__element-info"><div class="element-info-qty"><button aria-describedby="itemCard_title_2518476166" class="sprite__smilefresh--before element-info-qty-minus" aria-disabled="true"><span class="for-a11y">상품 수 <!-- -->1<!-- --> 감소</span></button><span class="element-info-item-qty" aria-describedby="itemCard_title_2518476166"><span class="for-a11y">선택된 수량</span> <!-- -->1</span><button aria-describedby="itemCard_title_2518476166" class="sprite__smilefresh--before element-info-qty-plus"><span class="for-a11y">상품 수 <!-- -->1<!-- --> 증가</span></button></div><button type="button" class="sprite__smilefresh--before element-info-cart" aria-describedby="itemCard_title_2518476166"><span class="for-a11y">장바구니 담기</span></button></div><a href="https://item.gmarket.co.kr/Item?goodscode=2518476166" class="link__itemcard-info"><span class="box__itemcard-title-area" id="itemCard_title_2518476166"><span class="text__title" id="item_title">오뚜기 옛날 볶음참깨 200g</span></span><span class="box__itemcard-price-area"><span class="box__price-seller"><span class="for-a11y">판매가</span><strong class="text__price-seller">5,980</strong><span class="text__unit">원</span></span></span><span class="box__itemcard-info-score"><span class="sprite__smilefresh--before box__score-awards"><span class="for-a11y">평점</span><span class="text text__score">4.8</span><span class="for-a11y">후기</span><span class="text text__num">(173)</span><span class="for-a11y">건</span></span><span class="box__score-buycnt"><span class="text text__buy">구매</span><span class="text text__num">516</span><span class="for-a11y">건</span></span></span><span class="box__itemcard-benefit-tag"><span class="box__tag box__tag-coupon"><span class="sprite__smilefresh--before box__inner">15% 쿠폰</span></span></span></a><button type="button" class="sprite__smilefresh--after button__favorite-item" aria-describedby="itemCard_title_2518476166" aria-pressed="false" aria-label="관심상품 등록하기"></button></div></div></div></div></li><li class="list-item"><div class="box__itemcard-container"><div class="box__itemcard-body"><div class="box__itemcard-inner"><span class="box__thumbnail__label">66</span><a class="link__itemcard" href="https://item.gmarket.co.kr/Item?goodscode=2518606235" tabindex="-1" aria-hidden="true"><span class="box__itemcard-img"><img class="image__itemcard no-js-400?ver=1725107799" src="data:image/gif;base64,R0lGODlhAQABAIAAAP///wAAACH5BAEAAAAALAAAAAABAAEAAAICRAEAOw==" alt="친정엄마 볶음참깨 500g(파우치) - 상품 이미지"/><noscript><style>.no-js-400?ver=1725107799 { display: none !important; }</style><img class="image__itemcard" src="https://gdimg.gmarket.co.kr/2518606235/still/400?ver=1725107799" alt="친정엄마 볶음참깨 500g(파우치) - 상품 이미지"/></noscript></span></a><div class="box__itemcard-info"><div class="box__element-info"><div class="element-info-qty"><button aria-describedby="itemCard_title_2518606235" class="sprite__smilefresh--before element-info-qty-minus" aria-disabled="true"><span class="for-a11y">상품 수 <!-- -->1<!-- --> 감소</span></button><span class="element-info-item-qty" aria-describedby="itemCard_title_2518606235"><span class="for-a11y">선택된 수량</span> <!-- -->1</span><button aria-describedby="itemCard_title_2518606235" class="sprite__smilefresh--before element-info-qty-plus"><span class="for-a11y">상품 수 <!-- -->1<!-- --> 증가</span></button></div><button type="button" class="sprite__smilefresh--before element-info-cart" aria-describedby="itemCard_title_2518606235"><span class="for-a11y">장바구니 담기</span></button></div><a href="https://item.gmarket.co.kr/Item?goodscode=2518606235" class="link__itemcard-info"><span class="box__itemcard-title-area" id="itemCard_title_2518606235"><span class="text__title" id="item_title">친정엄마 볶음참깨 500g(파우치)</span></span><span class="box__itemcard-price-area"><span class="box__price-seller"><span class="for-a11y">판매가</span><strong class="text__price-seller">6,580</strong><span class="text__unit">원</span></span></span><span class="box__itemcard-info-score"><span class="sprite__smilefresh--before box__score-awards"><span class="for-a11y">평점</span><span class="text text__score">4.6</span><span class="for-a11y">후기</span><span class="text text__num">(225)</span><span class="for-a11y">건</span></span><span class="box__score-buycnt"><span class="text text__buy">구매</span><span class="text text__num">444</span><span class="for-a11y">건</span></span></span><span class="box__itemcard-benefit-tag"><span class="box__tag box__tag-coupon"><span class="sprite__smilefresh--before box__inner">15% 쿠폰</span></span></span></a><button type="button" class="sprite__smilefresh--after button__favorite-item" aria-describedby="itemCard_title_2518606235" aria-pressed="false" aria-label="관심상품 등록하기"></button></div></div></div></div></li><li class="list-item"><div class="box__itemcard-container"><div class="box__itemcard-body"><div class="box__itemcard-inner"><span class="box__thumbnail__label">67</span><a class="link__itemcard" href="https://item.gmarket.co.kr/Item?goodscode=2519632325" tabindex="-1" aria-hidden="true"><span class="box__itemcard-img"><img class="image__itemcard no-js-400?ver=1725101078" src="data:image/gif;base64,R0lGODlhAQABAIAAAP///wAAACH5BAEAAAAALAAAAAABAAEAAAICRAEAOw==" alt="냉동 유기농 완두콩 600g - 상품 이미지"/><noscript><style>.no-js-400?ver=1725101078 { display: none !important; }</style><img class="image__itemcard" src="https://gdimg.gmarket.co.kr/2519632325/still/400?ver=1725101078" alt="냉동 유기농 완두콩 600g - 상품 이미지"/></noscript></span></a><div class="box__itemcard-info"><div class="box__element-info"><div class="element-info-qty"><button aria-describedby="itemCard_title_2519632325" class="sprite__smilefresh--before element-info-qty-minus" aria-disabled="true"><span class="for-a11y">상품 수 <!-- -->1<!-- --> 감소</span></button><span class="element-info-item-qty" aria-describedby="itemCard_title_2519632325"><span class="for-a11y">선택된 수량</span> <!-- -->1</span><button aria-describedby="itemCard_title_2519632325" class="sprite__smilefresh--before element-info-qty-plus"><span class="for-a11y">상품 수 <!-- -->1<!-- --> 증가</span></button></div><button type="button" class="sprite__smilefresh--before element-info-cart" aria-describedby="itemCard_title_2519632325"><span class="for-a11y">장바구니 담기</span></button></div><a href="https://item.gmarket.co.kr/Item?goodscode=2519632325" class="link__itemcard-info"><span class="box__itemcard-title-area" id="itemCard_title_2519632325"><span class="text__title" id="item_title">냉동 유기농 완두콩 600g</span></span><span class="box__itemcard-price-area"><span class="box__price-seller"><span class="for-a11y">판매가</span><strong class="text__price-seller">6,690</strong><span class="text__unit">원</span></span></span><span class="box__itemcard-info-score"><span class="sprite__smilefresh--before box__score-awards"><span class="for-a11y">평점</span><span class="text text__score">4.8</span><span class="for-a11y">후기</span><span class="text text__num">(23)</span><span class="for-a11y">건</span></span><span class="box__score-buycnt"><span class="text text__buy">구매</span><span class="text text__num">75</span><span class="for-a11y">건</span></span></span><span class="box__itemcard-benefit-tag"><span class="box__tag box__tag-coupon"><span class="sprite__smilefresh--before box__inner">15% 쿠폰</span></span></span></a><button type="button" class="sprite__smilefresh--after button__favorite-item" aria-describedby="itemCard_title_2519632325" aria-pressed="false" aria-label="관심상품 등록하기"></button></div></div></div></div></li><li class="list-item"><div class="box__itemcard-container"><div class="box__itemcard-body"><div class="box__itemcard-inner"><span class="box__thumbnail__label">68</span><a class="link__itemcard" href="https://item.gmarket.co.kr/Item?goodscode=2522601629" tabindex="-1" aria-hidden="true"><span class="box__itemcard-img"><img class="image__itemcard no-js-400?ver=1725103827" src="data:image/gif;base64,R0lGODlhAQABAIAAAP///wAAACH5BAEAAAAALAAAAAABAAEAAAICRAEAOw==" alt="햄프씨드 400g - 상품 이미지"/><noscript><style>.no-js-400?ver=1725103827 { display: none !important; }</style><img class="image__itemcard" src="https://gdimg.gmarket.co.kr/2522601629/still/400?ver=1725103827" alt="햄프씨드 400g - 상품 이미지"/></noscript></span></a><div class="box__itemcard-info"><div class="box__element-info"><div class="element-info-qty"><button aria-describedby="itemCard_title_2522601629" class="sprite__smilefresh--before element-info-qty-minus" aria-disabled="true"><span class="for-a11y">상품 수 <!-- -->1<!-- --> 감소</span></button><span class="element-info-item-qty" aria-describedby="itemCard_title_2522601629"><span class="for-a11y">선택된 수량</span> <!-- -->1</span><button aria-describedby="itemCard_title_2522601629" class="sprite__smilefresh--before element-info-qty-plus"><span class="for-a11y">상품 수 <!-- -->1<!-- --> 증가</span></button></div><button type="button" class="sprite__smilefresh--before element-info-cart" aria-describedby="itemCard_title_2522601629"><span class="for-a11y">장바구니 담기</span></button></div><a href="https://item.gmarket.co.kr/Item?goodscode=2522601629" class="link__itemcard-info"><span class="box__itemcard-title-area" id="itemCard_title_2522601629"><span class="text__title" id="item_title">햄프씨드 400g</span></span><span class="box__itemcard-price-area"><span class="box__price-seller"><span class="for-a11y">판매가</span><strong class="text__price-seller">6,280</strong><span class="text__unit">원</span></span></span><span class="box__itemcard-info-score"><span class="sprite__smilefresh--before box__score-awards"><span class="for-a11y">평점</span><span class="text text__score">4.4</span><span class="for-a11y">후기</span><span class="text text__num">(33)</span><span class="for-a11y">건</span></span><span class="box__score-buycnt"><span class="text text__buy">구매</span><span class="text text__num">132</span><span class="for-a11y">건</span></span></span><span class="box__itemcard-benefit-tag"><span class="box__tag box__tag-coupon"><span class="sprite__smilefresh--before box__inner">15% 쿠폰</span></span></span></a><button type="button" class="sprite__smilefresh--after button__favorite-item" aria-describedby="itemCard_title_2522601629" aria-pressed="false" aria-label="관심상품 등록하기"></button></div></div></div></div></li><li class="list-item"><div class="box__itemcard-container"><div class="box__itemcard-body"><div class="box__itemcard-inner"><span class="box__thumbnail__label">69</span><a class="link__itemcard" href="https://item.gmarket.co.kr/Item?goodscode=2522700887" tabindex="-1" aria-hidden="true"><span class="box__itemcard-img"><img class="image__itemcard no-js-400?ver=1725103845" src="data:image/gif;base64,R0lGODlhAQABAIAAAP///wAAACH5BAEAAAAALAAAAAABAAEAAAICRAEAOw==" alt="조류혼합 맛있는 9곡 1kg - 상품 이미지"/><noscript><style>.no-js-400?ver=1725103845 { display: none !important; }</style><img class="image__itemcard" src="https://gdimg.gmarket.co.kr/2522700887/still/400?ver=1725103845" alt="조류혼합 맛있는 9곡 1kg - 상품 이미지"/></noscript></span></a><div class="box__itemcard-info"><div class="box__element-info"><div class="element-info-qty"><button aria-describedby="itemCard_title_2522700887" class="sprite__smilefresh--before element-info-qty-minus" aria-disabled="true"><span class="for-a11y">상품 수 <!-- -->1<!-- --> 감소</span></button><span class="element-info-item-qty" aria-describedby="itemCard_title_2522700887"><span class="for-a11y">선택된 수량</span> <!-- -->1</span><button aria-describedby="itemCard_title_2522700887" class="sprite__smilefresh--before element-info-qty-plus"><span class="for-a11y">상품 수 <!-- -->1<!-- --> 증가</span></button></div><button type="button" class="sprite__smilefresh--before element-info-cart" aria-describedby="itemCard_title_2522700887"><span class="for-a11y">장바구니 담기</span></button></div><a href="https://item.gmarket.co.kr/Item?goodscode=2522700887" class="link__itemcard-info"><span class="box__itemcard-title-area" id="itemCard_title_2522700887"><span class="text__title" id="item_title">조류혼합 맛있는 9곡 1kg</span></span><span class="box__itemcard-price-area"><span class="box__price-seller"><span class="for-a11y">판매가</span><strong class="text__price-seller">9,380</strong><span class="text__unit">원</span></span></span><span class="box__itemcard-info-score"><span class="sprite__smilefresh--before box__score-awards"><span class="for-a11y">평점</span><span class="text text__score">4.7</span><span class="for-a11y">후기</span><span class="text text__num">(104)</span><span class="for-a11y">건</span></span><span class="box__score-buycnt"><span class="text text__buy">구매</span><span class="text text__num">395</span><span class="for-a11y">건</span></span></span><span class="box__itemcard-benefit-tag"><span class="box__tag box__tag-coupon"><span class="sprite__smilefresh--before box__inner">15% 쿠폰</span></span></span></a><button type="button" class="sprite__smilefresh--after button__favorite-item" aria-describedby="itemCard_title_2522700887" aria-pressed="false" aria-label="관심상품 등록하기"></button></div></div></div></div></li><li class="list-item"><div class="box__itemcard-container"><div class="box__itemcard-body"><div class="box__itemcard-inner"><span class="box__thumbnail__label">70</span><a class="link__itemcard" href="https://item.gmarket.co.kr/Item?goodscode=2522780956" tabindex="-1" aria-hidden="true"><span class="box__itemcard-img"><img class="image__itemcard no-js-400?ver=1725091919" src="data:image/gif;base64,R0lGODlhAQABAIAAAP///wAAACH5BAEAAAAALAAAAAABAAEAAAICRAEAOw==" alt="찰수수쌀 500g - 상품 이미지"/><noscript><style>.no-js-400?ver=1725091919 { display: none !important; }</style><img class="image__itemcard" src="https://gdimg.gmarket.co.kr/2522780956/still/400?ver=1725091919" alt="찰수수쌀 500g - 상품 이미지"/></noscript></span></a><div class="box__itemcard-info"><div class="box__element-info"><div class="element-info-qty"><button aria-describedby="itemCard_title_2522780956" class="sprite__smilefresh--before element-info-qty-minus" aria-disabled="true"><span class="for-a11y">상품 수 <!-- -->1<!-- --> 감소</span></button><span class="element-info-item-qty" aria-describedby="itemCard_title_2522780956"><span class="for-a11y">선택된 수량</span> <!-- -->1</span><button aria-describedby="itemCard_title_2522780956" class="sprite__smilefresh--before element-info-qty-plus"><span class="for-a11y">상품 수 <!-- -->1<!-- --> 증가</span></button></div><button type="button" class="sprite__smilefresh--before element-info-cart" aria-describedby="itemCard_title_2522780956"><span class="for-a11y">장바구니 담기</span></button></div><a href="https://item.gmarket.co.kr/Item?goodscode=2522780956" class="link__itemcard-info"><span class="box__itemcard-title-area" id="itemCard_title_2522780956"><span class="text__title" id="item_title">찰수수쌀 500g</span></span><span class="box__itemcard-price-area"><span class="box__price-seller"><span class="for-a11y">판매가</span><strong class="text__price-seller">9,380</strong><span class="text__unit">원</span></span></span><span class="box__itemcard-info-score"><span class="sprite__smilefresh--before box__score-awards"><span class="for-a11y">평점</span><span class="text text__score">4.9</span><span class="for-a11y">후기</span><span class="text text__num">(66)</span><span class="for-a11y">건</span></span><span class="box__score-buycnt"><span class="text text__buy">구매</span><span class="text text__num">268</span><span class="for-a11y">건</span></span></span><span class="box__itemcard-benefit-tag"><span class="box__tag box__tag-coupon"><span class="sprite__smilefresh--before box__inner">15% 쿠폰</span></span></span></a><button type="button" class="sprite__smilefresh--after button__favorite-item" aria-describedby="itemCard_title_2522780956" aria-pressed="false" aria-label="관심상품 등록하기"></button></div></div></div></div></li><li class="list-item"><div class="box__itemcard-container"><div class="box__itemcard-body"><div class="box__itemcard-inner"><span class="box__thumbnail__label">71</span><a class="link__itemcard" href="https://item.gmarket.co.kr/Item?goodscode=3160632174" tabindex="-1" aria-hidden="true"><span class="box__itemcard-img"><img class="image__itemcard no-js-400?ver=1725163453" src="data:image/gif;base64,R0lGODlhAQABAIAAAP///wAAACH5BAEAAAAALAAAAAABAAEAAAICRAEAOw==" alt="국산 현미뻥 330g - 상품 이미지"/><noscript><style>.no-js-400?ver=1725163453 { display: none !important; }</style><img class="image__itemcard" src="https://gdimg.gmarket.co.kr/3160632174/still/400?ver=1725163453" alt="국산 현미뻥 330g - 상품 이미지"/></noscript></span></a><div class="box__itemcard-info"><div class="box__element-info"><div class="element-info-qty"><button aria-describedby="itemCard_title_3160632174" class="sprite__smilefresh--before element-info-qty-minus" aria-disabled="true"><span class="for-a11y">상품 수 <!-- -->1<!-- --> 감소</span></button><span class="element-info-item-qty" aria-describedby="itemCard_title_3160632174"><span class="for-a11y">선택된 수량</span> <!-- -->1</span><button aria-describedby="itemCard_title_3160632174" class="sprite__smilefresh--before element-info-qty-plus"><span class="for-a11y">상품 수 <!-- -->1<!-- --> 증가</span></button></div><button type="button" class="sprite__smilefresh--before element-info-cart" aria-describedby="itemCard_title_3160632174"><span class="for-a11y">장바구니 담기</span></button></div><a href="https://item.gmarket.co.kr/Item?goodscode=3160632174" class="link__itemcard-info"><span class="box__itemcard-title-area" id="itemCard_title_3160632174"><span class="text__title" id="item_title">국산 현미뻥 330g</span></span><span class="box__itemcard-price-area"><span class="box__price-seller"><span class="for-a11y">판매가</span><strong class="text__price-seller">4,180</strong><span class="text__unit">원</span></span><span class="box__prime-cost"><span class="for-a11y">원가</span><strong class="text__dc-rate">19<!-- -->%</strong><span class="text__prime-cost">5,180<span class="text__unit">원</span></span></span></span><span class="box__itemcard-info-score"><span class="sprite__smilefresh--before box__score-awards"><span class="for-a11y">평점</span><span class="text text__score">4.8</span><span class="for-a11y">후기</span><span class="text text__num">(22)</span><span class="for-a11y">건</span></span><span class="box__score-buycnt"><span class="text text__buy">구매</span><span class="text text__num">49</span><span class="for-a11y">건</span></span></span><span class="box__itemcard-benefit-tag"><span class="box__tag box__tag-coupon"><span class="sprite__smilefresh--before box__inner">15% 쿠폰</span></span></span></a><button type="button" class="sprite__smilefresh--after button__favorite-item" aria-describedby="itemCard_title_3160632174" aria-pressed="false" aria-label="관심상품 등록하기"></button></div></div></div></div></li><li class="list-item"><div class="box__itemcard-container"><div class="box__itemcard-body"><div class="box__itemcard-inner"><span class="box__thumbnail__label">72</span><a class="link__itemcard" href="https://item.gmarket.co.kr/Item?goodscode=2518706706" tabindex="-1" aria-hidden="true"><span class="box__itemcard-img"><img class="image__itemcard no-js-400?ver=1725091928" src="data:image/gif;base64,R0lGODlhAQABAIAAAP///wAAACH5BAEAAAAALAAAAAABAAEAAAICRAEAOw==" alt="차좁쌀 500g - 상품 이미지"/><noscript><style>.no-js-400?ver=1725091928 { display: none !important; }</style><img class="image__itemcard" src="https://gdimg.gmarket.co.kr/2518706706/still/400?ver=1725091928" alt="차좁쌀 500g - 상품 이미지"/></noscript></span></a><div class="box__itemcard-info"><div class="box__element-info"><div class="element-info-qty"><button aria-describedby="itemCard_title_2518706706" class="sprite__smilefresh--before element-info-qty-minus" aria-disabled="true"><span class="for-a11y">상품 수 <!-- -->1<!-- --> 감소</span></button><span class="element-info-item-qty" aria-describedby="itemCard_title_2518706706"><span class="for-a11y">선택된 수량</span> <!-- -->1</span><button aria-describedby="itemCard_title_2518706706" class="sprite__smilefresh--before element-info-qty-plus"><span class="for-a11y">상품 수 <!-- -->1<!-- --> 증가</span></button></div><button type="button" class="sprite__smilefresh--before element-info-cart" aria-describedby="itemCard_title_2518706706"><span class="for-a11y">장바구니 담기</span></button></div><a href="https://item.gmarket.co.kr/Item?goodscode=2518706706" class="link__itemcard-info"><span class="box__itemcard-title-area" id="itemCard_title_2518706706"><span class="text__title" id="item_title">차좁쌀 500g</span></span><span class="box__itemcard-price-area"><span class="box__price-seller"><span class="for-a11y">판매가</span><strong class="text__price-seller">11,300</strong><span class="text__unit">원</span></span></span><span class="box__itemcard-info-score"><span class="sprite__smilefresh--before box__score-awards"><span class="for-a11y">평점</span><span class="text text__score">4.7</span><span class="for-a11y">후기</span><span class="text text__num">(54)</span><span class="for-a11y">건</span></span><span class="box__score-buycnt"><span class="text text__buy">구매</span><span class="text text__num">197</span><span class="for-a11y">건</span></span></span><span class="box__itemcard-benefit-tag"><span class="box__tag box__tag-coupon"><span class="sprite__smilefresh--before box__inner">15% 쿠폰</span></span></span></a><button type="button" class="sprite__smilefresh--after button__favorite-item" aria-describedby="itemCard_title_2518706706" aria-pressed="false" aria-label="관심상품 등록하기"></button></div></div></div></div></li><li class="list-item"><div class="box__itemcard-container"><div class="box__itemcard-body"><div class="box__itemcard-inner"><span class="box__thumbnail__label">73</span><a class="link__itemcard" href="https://item.gmarket.co.kr/Item?goodscode=2522434010" tabindex="-1" aria-hidden="true"><span class="box__itemcard-img"><img class="image__itemcard no-js-400?ver=1725101556" src="data:image/gif;base64,R0lGODlhAQABAIAAAP///wAAACH5BAEAAAAALAAAAAABAAEAAAICRAEAOw==" alt="노브랜드 볶음참깨 1kg - 상품 이미지"/><noscript><style>.no-js-400?ver=1725101556 { display: none !important; }</style><img class="image__itemcard" src="https://gdimg.gmarket.co.kr/2522434010/still/400?ver=1725101556" alt="노브랜드 볶음참깨 1kg - 상품 이미지"/></noscript></span></a><div class="box__itemcard-info"><div class="box__element-info"><div class="element-info-qty"><button aria-describedby="itemCard_title_2522434010" class="sprite__smilefresh--before element-info-qty-minus" aria-disabled="true"><span class="for-a11y">상품 수 <!-- -->1<!-- --> 감소</span></button><span class="element-info-item-qty" aria-describedby="itemCard_title_2522434010"><span class="for-a11y">선택된 수량</span> <!-- -->1</span><button aria-describedby="itemCard_title_2522434010" class="sprite__smilefresh--before element-info-qty-plus"><span class="for-a11y">상품 수 <!-- -->1<!-- --> 증가</span></button></div><button type="button" class="sprite__smilefresh--before element-info-cart" aria-describedby="itemCard_title_2522434010"><span class="for-a11y">장바구니 담기</span></button></div><a href="https://item.gmarket.co.kr/Item?goodscode=2522434010" class="link__itemcard-info"><span class="box__itemcard-title-area" id="itemCard_title_2522434010"><span class="text__title" id="item_title">노브랜드 볶음참깨 1kg</span></span><span class="box__itemcard-price-area"><span class="box__price-seller"><span class="for-a11y">판매가</span><strong class="text__price-seller">11,480</strong><span class="text__unit">원</span></span></span><span class="box__itemcard-info-score"><span class="sprite__smilefresh--before box__score-awards"><span class="for-a11y">평점</span><span class="text text__score">4.8</span><span class="for-a11y">후기</span><span class="text text__num">(716)</span><span class="for-a11y">건</span></span><span class="box__score-buycnt"><span class="text text__buy">구매</span><span class="text text__num">1,638</span><span class="for-a11y">건</span></span></span></a><button type="button" class="sprite__smilefresh--after button__favorite-item" aria-describedby="itemCard_title_2522434010" aria-pressed="false" aria-label="관심상품 등록하기"></button></div></div></div></div></li><li class="list-item"><div class="box__itemcard-container"><div class="box__itemcard-body"><div class="box__itemcard-inner"><span class="box__thumbnail__label">74</span><a class="link__itemcard" href="https://item.gmarket.co.kr/Item?goodscode=2523400002" tabindex="-1" aria-hidden="true"><span class="box__itemcard-img"><img class="image__itemcard no-js-400?ver=1725120203" src="data:image/gif;base64,R0lGODlhAQABAIAAAP///wAAACH5BAEAAAAALAAAAAABAAEAAAICRAEAOw==" alt="곡물 그대로의 고소함이 살아있는 볶은 현미 통곡물 200g - 상품 이미지"/><noscript><style>.no-js-400?ver=1725120203 { display: none !important; }</style><img class="image__itemcard" src="https://gdimg.gmarket.co.kr/2523400002/still/400?ver=1725120203" alt="곡물 그대로의 고소함이 살아있는 볶은 현미 통곡물 200g - 상품 이미지"/></noscript></span></a><div class="box__itemcard-info"><div class="box__element-info"><div class="element-info-qty"><button aria-describedby="itemCard_title_2523400002" class="sprite__smilefresh--before element-info-qty-minus" aria-disabled="true"><span class="for-a11y">상품 수 <!-- -->1<!-- --> 감소</span></button><span class="element-info-item-qty" aria-describedby="itemCard_title_2523400002"><span class="for-a11y">선택된 수량</span> <!-- -->1</span><button aria-describedby="itemCard_title_2523400002" class="sprite__smilefresh--before element-info-qty-plus"><span class="for-a11y">상품 수 <!-- -->1<!-- --> 증가</span></button></div><button type="button" class="sprite__smilefresh--before element-info-cart" aria-describedby="itemCard_title_2523400002"><span class="for-a11y">장바구니 담기</span></button></div><a href="https://item.gmarket.co.kr/Item?goodscode=2523400002" class="link__itemcard-info"><span class="box__itemcard-title-area" id="itemCard_title_2523400002"><span class="text__title" id="item_title">곡물 그대로의 고소함이 살아있는 볶은 현미 통곡물 200g</span></span><span class="box__itemcard-price-area"><span class="box__price-seller"><span class="for-a11y">판매가</span><strong class="text__price-seller">3,680</strong><span class="text__unit">원</span></span></span><span class="box__itemcard-info-score"><span class="sprite__smilefresh--before box__score-awards"><span class="for-a11y">평점</span><span class="text text__score">4.7</span><span class="for-a11y">후기</span><span class="text text__num">(30)</span><span class="for-a11y">건</span></span><span class="box__score-buycnt"><span class="text text__buy">구매</span><span class="text text__num">117</span><span class="for-a11y">건</span></span></span><span class="box__itemcard-benefit-tag"><span class="box__tag box__tag-coupon"><span class="sprite__smilefresh--before box__inner">15% 쿠폰</span></span></span></a><button type="button" class="sprite__smilefresh--after button__favorite-item" aria-describedby="itemCard_title_2523400002" aria-pressed="false" aria-label="관심상품 등록하기"></button></div></div></div></div></li><li class="list-item"><div class="box__itemcard-container"><div class="box__itemcard-body"><div class="box__itemcard-inner"><span class="box__thumbnail__label">75</span><a class="link__itemcard" href="https://item.gmarket.co.kr/Item?goodscode=3160847794" tabindex="-1" aria-hidden="true"><span class="box__itemcard-img"><img class="image__itemcard no-js-400?ver=1725134610" src="data:image/gif;base64,R0lGODlhAQABAIAAAP///wAAACH5BAEAAAAALAAAAAABAAEAAAICRAEAOw==" alt="국산 황옥수수 강냉이 310g - 상품 이미지"/><noscript><style>.no-js-400?ver=1725134610 { display: none !important; }</style><img class="image__itemcard" src="https://gdimg.gmarket.co.kr/3160847794/still/400?ver=1725134610" alt="국산 황옥수수 강냉이 310g - 상품 이미지"/></noscript></span></a><div class="box__itemcard-info"><div class="box__element-info"><div class="element-info-qty"><button aria-describedby="itemCard_title_3160847794" class="sprite__smilefresh--before element-info-qty-minus" aria-disabled="true"><span class="for-a11y">상품 수 <!-- -->1<!-- --> 감소</span></button><span class="element-info-item-qty" aria-describedby="itemCard_title_3160847794"><span class="for-a11y">선택된 수량</span> <!-- -->1</span><button aria-describedby="itemCard_title_3160847794" class="sprite__smilefresh--before element-info-qty-plus"><span class="for-a11y">상품 수 <!-- -->1<!-- --> 증가</span></button></div><button type="button" class="sprite__smilefresh--before element-info-cart" aria-describedby="itemCard_title_3160847794"><span class="for-a11y">장바구니 담기</span></button></div><a href="https://item.gmarket.co.kr/Item?goodscode=3160847794" class="link__itemcard-info"><span class="box__itemcard-title-area" id="itemCard_title_3160847794"><span class="text__title" id="item_title">국산 황옥수수 강냉이 310g</span></span><span class="box__itemcard-price-area"><span class="box__price-seller"><span class="for-a11y">판매가</span><strong class="text__price-seller">4,180</strong><span class="text__unit">원</span></span><span class="box__prime-cost"><span class="for-a11y">원가</span><strong class="text__dc-rate">19<!-- -->%</strong><span class="text__prime-cost">5,180<span class="text__unit">원</span></span></span></span><span class="box__itemcard-info-score"><span class="sprite__smilefresh--before box__score-awards"><span class="for-a11y">평점</span><span class="text text__score">4.7</span><span class="for-a11y">후기</span><span class="text text__num">(118)</span><span class="for-a11y">건</span></span><span class="box__score-buycnt"><span class="text text__buy">구매</span><span class="text text__num">273</span><span class="for-a11y">건</span></span></span><span class="box__itemcard-benefit-tag"><span class="box__tag box__tag-coupon"><span class="sprite__smilefresh--before box__inner">15% 쿠폰</span></span></span></a><button type="button" class="sprite__smilefresh--after button__favorite-item" aria-describedby="itemCard_title_3160847794" aria-pressed="false" aria-label="관심상품 등록하기"></button></div></div></div></div></li><li class="list-item"><div class="box__itemcard-container"><div class="box__itemcard-body"><div class="box__itemcard-inner"><span class="box__thumbnail__label">76</span><a class="link__itemcard" href="https://item.gmarket.co.kr/Item?goodscode=3387164729" tabindex="-1" aria-hidden="true"><span class="box__itemcard-img"><img class="image__itemcard no-js-400?ver=1725092635" src="data:image/gif;base64,R0lGODlhAQABAIAAAP///wAAACH5BAEAAAAALAAAAAABAAEAAAICRAEAOw==" alt="96시간숙성한 찰보리쌀 1kg - 상품 이미지"/><noscript><style>.no-js-400?ver=1725092635 { display: none !important; }</style><img class="image__itemcard" src="https://gdimg.gmarket.co.kr/3387164729/still/400?ver=1725092635" alt="96시간숙성한 찰보리쌀 1kg - 상품 이미지"/></noscript></span></a><div class="box__itemcard-info"><div class="box__element-info"><div class="element-info-qty"><button aria-describedby="itemCard_title_3387164729" class="sprite__smilefresh--before element-info-qty-minus" aria-disabled="true"><span class="for-a11y">상품 수 <!-- -->1<!-- --> 감소</span></button><span class="element-info-item-qty" aria-describedby="itemCard_title_3387164729"><span class="for-a11y">선택된 수량</span> <!-- -->1</span><button aria-describedby="itemCard_title_3387164729" class="sprite__smilefresh--before element-info-qty-plus"><span class="for-a11y">상품 수 <!-- -->1<!-- --> 증가</span></button></div><button type="button" class="sprite__smilefresh--before element-info-cart" aria-describedby="itemCard_title_3387164729"><span class="for-a11y">장바구니 담기</span></button></div><a href="https://item.gmarket.co.kr/Item?goodscode=3387164729" class="link__itemcard-info"><span class="box__itemcard-title-area" id="itemCard_title_3387164729"><span class="text__title" id="item_title">96시간숙성한 찰보리쌀 1kg</span></span><span class="box__itemcard-price-area"><span class="box__price-seller"><span class="for-a11y">판매가</span><strong class="text__price-seller">8,280</strong><span class="text__unit">원</span></span></span><span class="box__itemcard-info-score"><span class="sprite__smilefresh--before box__score-awards"><span class="for-a11y">평점</span><span class="text text__score">4.7</span><span class="for-a11y">후기</span><span class="text text__num">(50)</span><span class="for-a11y">건</span></span><span class="box__score-buycnt"><span class="text text__buy">구매</span><span class="text text__num">138</span><span class="for-a11y">건</span></span></span><span class="box__itemcard-benefit-tag"><span class="box__tag box__tag-coupon"><span class="sprite__smilefresh--before box__inner">15% 쿠폰</span></span></span></a><button type="button" class="sprite__smilefresh--after button__favorite-item" aria-describedby="itemCard_title_3387164729" aria-pressed="false" aria-label="관심상품 등록하기"></button></div></div></div></div></li><li class="list-item"><div class="box__itemcard-container"><div class="box__itemcard-body"><div class="box__itemcard-inner"><span class="box__thumbnail__label">77</span><a class="link__itemcard" href="https://item.gmarket.co.kr/Item?goodscode=2518917967" tabindex="-1" aria-hidden="true"><span class="box__itemcard-img"><img class="image__itemcard no-js-400?ver=1725099704" src="data:image/gif;base64,R0lGODlhAQABAIAAAP///wAAACH5BAEAAAAALAAAAAABAAEAAAICRAEAOw==" alt="96시간 숙성하여 맛이 깊고 부드러운 서리태 500g - 상품 이미지"/><noscript><style>.no-js-400?ver=1725099704 { display: none !important; }</style><img class="image__itemcard" src="https://gdimg.gmarket.co.kr/2518917967/still/400?ver=1725099704" alt="96시간 숙성하여 맛이 깊고 부드러운 서리태 500g - 상품 이미지"/></noscript></span></a><div class="box__itemcard-info"><div class="box__element-info"><div class="element-info-qty"><button aria-describedby="itemCard_title_2518917967" class="sprite__smilefresh--before element-info-qty-minus" aria-disabled="true"><span class="for-a11y">상품 수 <!-- -->1<!-- --> 감소</span></button><span class="element-info-item-qty" aria-describedby="itemCard_title_2518917967"><span class="for-a11y">선택된 수량</span> <!-- -->1</span><button aria-describedby="itemCard_title_2518917967" class="sprite__smilefresh--before element-info-qty-plus"><span class="for-a11y">상품 수 <!-- -->1<!-- --> 증가</span></button></div><button type="button" class="sprite__smilefresh--before element-info-cart" aria-describedby="itemCard_title_2518917967"><span class="for-a11y">장바구니 담기</span></button></div><a href="https://item.gmarket.co.kr/Item?goodscode=2518917967" class="link__itemcard-info"><span class="box__itemcard-title-area" id="itemCard_title_2518917967"><span class="text__title" id="item_title">96시간 숙성하여 맛이 깊고 부드러운 서리태 500g</span></span><span class="box__itemcard-price-area"><span class="box__price-seller"><span class="for-a11y">판매가</span><strong class="text__price-seller">9,380</strong><span class="text__unit">원</span></span></span><span class="box__itemcard-info-score"><span class="sprite__smilefresh--before box__score-awards"><span class="for-a11y">평점</span><span class="text text__score">4.7</span><span class="for-a11y">후기</span><span class="text text__num">(548)</span><span class="for-a11y">건</span></span><span class="box__score-buycnt"><span class="text text__buy">구매</span><span class="text text__num">1,374</span><span class="for-a11y">건</span></span></span><span class="box__itemcard-benefit-tag"><span class="box__tag box__tag-coupon"><span class="sprite__smilefresh--before box__inner">15% 쿠폰</span></span></span></a><button type="button" class="sprite__smilefresh--after button__favorite-item" aria-describedby="itemCard_title_2518917967" aria-pressed="false" aria-label="관심상품 등록하기"></button></div></div></div></div></li><li class="list-item"><div class="box__itemcard-container"><div class="box__itemcard-body"><div class="box__itemcard-inner"><span class="box__thumbnail__label">78</span><a class="link__itemcard" href="https://item.gmarket.co.kr/Item?goodscode=2523276291" tabindex="-1" aria-hidden="true"><span class="box__itemcard-img"><img class="image__itemcard no-js-400?ver=1725100773" src="data:image/gif;base64,R0lGODlhAQABAIAAAP///wAAACH5BAEAAAAALAAAAAABAAEAAAICRAEAOw==" alt="자연주의 친환경 여주쌀 4kg - 상품 이미지"/><noscript><style>.no-js-400?ver=1725100773 { display: none !important; }</style><img class="image__itemcard" src="https://gdimg.gmarket.co.kr/2523276291/still/400?ver=1725100773" alt="자연주의 친환경 여주쌀 4kg - 상품 이미지"/></noscript></span></a><div class="box__itemcard-info"><div class="box__element-info"><div class="element-info-qty"><button aria-describedby="itemCard_title_2523276291" class="sprite__smilefresh--before element-info-qty-minus" aria-disabled="true"><span class="for-a11y">상품 수 <!-- -->1<!-- --> 감소</span></button><span class="element-info-item-qty" aria-describedby="itemCard_title_2523276291"><span class="for-a11y">선택된 수량</span> <!-- -->1</span><button aria-describedby="itemCard_title_2523276291" class="sprite__smilefresh--before element-info-qty-plus"><span class="for-a11y">상품 수 <!-- -->1<!-- --> 증가</span></button></div><button type="button" class="sprite__smilefresh--before element-info-cart" aria-describedby="itemCard_title_2523276291"><span class="for-a11y">장바구니 담기</span></button></div><a href="https://item.gmarket.co.kr/Item?goodscode=2523276291" class="link__itemcard-info"><span class="box__itemcard-title-area" id="itemCard_title_2523276291"><span class="text__brand"><span class="text">자연주의</span></span><span class="text__title" id="item_title">자연주의 친환경 여주쌀 4kg</span></span><span class="box__itemcard-price-area"><span class="box__price-seller"><span class="for-a11y">판매가</span><strong class="text__price-seller">39,800</strong><span class="text__unit">원</span></span><span class="box__prime-cost"><span class="for-a11y">원가</span><span class="text__unit-cost">(<!-- -->100g당 995원<!-- -->)</span></span></span><span class="box__itemcard-info-score"><span class="sprite__smilefresh--before box__score-awards"><span class="for-a11y">평점</span><span class="text text__score">4.8</span><span class="for-a11y">후기</span><span class="text text__num">(11)</span><span class="for-a11y">건</span></span><span class="box__score-buycnt"><span class="text text__buy">구매</span><span class="text text__num">64</span><span class="for-a11y">건</span></span></span><span class="box__itemcard-benefit-tag"><span class="box__tag box__tag-coupon"><span class="sprite__smilefresh--before box__inner">15% 쿠폰</span></span></span></a><button type="button" class="sprite__smilefresh--after button__favorite-item" aria-describedby="itemCard_title_2523276291" aria-pressed="false" aria-label="관심상품 등록하기"></button></div></div></div></div></li><li class="list-item"><div class="box__itemcard-container"><div class="box__itemcard-body"><div class="box__itemcard-inner"><span class="box__thumbnail__label">79</span><a class="link__itemcard" href="https://item.gmarket.co.kr/Item?goodscode=2523399874" tabindex="-1" aria-hidden="true"><span class="box__itemcard-img"><img class="image__itemcard no-js-400?ver=1725120038" src="data:image/gif;base64,R0lGODlhAQABAIAAAP///wAAACH5BAEAAAAALAAAAAABAAEAAAICRAEAOw==" alt="속까지 부드럽고 담백한 볶은 서리태 통곡물 380g - 상품 이미지"/><noscript><style>.no-js-400?ver=1725120038 { display: none !important; }</style><img class="image__itemcard" src="https://gdimg.gmarket.co.kr/2523399874/still/400?ver=1725120038" alt="속까지 부드럽고 담백한 볶은 서리태 통곡물 380g - 상품 이미지"/></noscript></span></a><div class="box__itemcard-info"><div class="box__element-info"><div class="element-info-qty"><button aria-describedby="itemCard_title_2523399874" class="sprite__smilefresh--before element-info-qty-minus" aria-disabled="true"><span class="for-a11y">상품 수 <!-- -->1<!-- --> 감소</span></button><span class="element-info-item-qty" aria-describedby="itemCard_title_2523399874"><span class="for-a11y">선택된 수량</span> <!-- -->1</span><button aria-describedby="itemCard_title_2523399874" class="sprite__smilefresh--before element-info-qty-plus"><span class="for-a11y">상품 수 <!-- -->1<!-- --> 증가</span></button></div><button type="button" class="sprite__smilefresh--before element-info-cart" aria-describedby="itemCard_title_2523399874"><span class="for-a11y">장바구니 담기</span></button></div><a href="https://item.gmarket.co.kr/Item?goodscode=2523399874" class="link__itemcard-info"><span class="box__itemcard-title-area" id="itemCard_title_2523399874"><span class="text__title" id="item_title">속까지 부드럽고 담백한 볶은 서리태 통곡물 380g</span></span><span class="box__itemcard-price-area"><span class="box__price-seller"><span class="for-a11y">판매가</span><strong class="text__price-seller">9,380</strong><span class="text__unit">원</span></span></span><span class="box__itemcard-info-score"><span class="sprite__smilefresh--before box__score-awards"><span class="for-a11y">평점</span><span class="text text__score">4.7</span><span class="for-a11y">후기</span><span class="text text__num">(16)</span><span class="for-a11y">건</span></span><span class="box__score-buycnt"><span class="text text__buy">구매</span><span class="text text__num">45</span><span class="for-a11y">건</span></span></span><span class="box__itemcard-benefit-tag"><span class="box__tag box__tag-coupon"><span class="sprite__smilefresh--before box__inner">15% 쿠폰</span></span></span></a><button type="button" class="sprite__smilefresh--after button__favorite-item" aria-describedby="itemCard_title_2523399874" aria-pressed="false" aria-label="관심상품 등록하기"></button></div></div></div></div></li><li class="list-item"><div class="box__itemcard-container"><div class="box__itemcard-body"><div class="box__itemcard-inner"><span class="box__thumbnail__label">80</span><a class="link__itemcard" href="https://item.gmarket.co.kr/Item?goodscode=3160847797" tabindex="-1" aria-hidden="true"><span class="box__itemcard-img"><img class="image__itemcard no-js-400?ver=1725332360" src="data:image/gif;base64,R0lGODlhAQABAIAAAP///wAAACH5BAEAAAAALAAAAAABAAEAAAICRAEAOw==" alt="곡물 마카로니 260g - 상품 이미지"/><noscript><style>.no-js-400?ver=1725332360 { display: none !important; }</style><img class="image__itemcard" src="https://gdimg.gmarket.co.kr/3160847797/still/400?ver=1725332360" alt="곡물 마카로니 260g - 상품 이미지"/></noscript></span></a><div class="box__itemcard-info"><div class="box__element-info"><div class="element-info-qty"><button aria-describedby="itemCard_title_3160847797" class="sprite__smilefresh--before element-info-qty-minus" aria-disabled="true"><span class="for-a11y">상품 수 <!-- -->1<!-- --> 감소</span></button><span class="element-info-item-qty" aria-describedby="itemCard_title_3160847797"><span class="for-a11y">선택된 수량</span> <!-- -->1</span><button aria-describedby="itemCard_title_3160847797" class="sprite__smilefresh--before element-info-qty-plus"><span class="for-a11y">상품 수 <!-- -->1<!-- --> 증가</span></button></div><button type="button" class="sprite__smilefresh--before element-info-cart" aria-describedby="itemCard_title_3160847797"><span class="for-a11y">장바구니 담기</span></button></div><a href="https://item.gmarket.co.kr/Item?goodscode=3160847797" class="link__itemcard-info"><span class="box__itemcard-title-area" id="itemCard_title_3160847797"><span class="text__title" id="item_title">곡물 마카로니 260g</span></span><span class="box__itemcard-price-area"><span class="box__price-seller"><span class="for-a11y">판매가</span><strong class="text__price-seller">4,180</strong><span class="text__unit">원</span></span><span class="box__prime-cost"><span class="for-a11y">원가</span><strong class="text__dc-rate">19<!-- -->%</strong><span class="text__prime-cost">5,180<span class="text__unit">원</span></span></span></span><span class="box__itemcard-info-score"><span class="sprite__smilefresh--before box__score-awards"><span class="for-a11y">평점</span><span class="text text__score">4.8</span><span class="for-a11y">후기</span><span class="text text__num">(26)</span><span class="for-a11y">건</span></span><span class="box__score-buycnt"><span class="text text__buy">구매</span><span class="text text__num">39</span><span class="for-a11y">건</span></span></span><span class="box__itemcard-benefit-tag"><span class="box__tag box__tag-coupon"><span class="sprite__smilefresh--before box__inner">15% 쿠폰</span></span></span></a><button type="button" class="sprite__smilefresh--after button__favorite-item" aria-describedby="itemCard_title_3160847797" aria-pressed="false" aria-label="관심상품 등록하기"></button></div></div></div></div></li><li class="list-item"><div class="box__itemcard-container"><div class="box__itemcard-body"><div class="box__itemcard-inner"><span class="box__thumbnail__label">81</span><a class="link__itemcard" href="https://item.gmarket.co.kr/Item?goodscode=2518489593" tabindex="-1" aria-hidden="true"><span class="box__itemcard-img"><img class="image__itemcard no-js-400?ver=1725088535" src="data:image/gif;base64,R0lGODlhAQABAIAAAP///wAAACH5BAEAAAAALAAAAAABAAEAAAICRAEAOw==" alt="자연주의 무농약 찹쌀 3kg - 상품 이미지"/><noscript><style>.no-js-400?ver=1725088535 { display: none !important; }</style><img class="image__itemcard" src="https://gdimg.gmarket.co.kr/2518489593/still/400?ver=1725088535" alt="자연주의 무농약 찹쌀 3kg - 상품 이미지"/></noscript></span></a><div class="box__itemcard-info"><div class="box__element-info"><div class="element-info-qty"><button aria-describedby="itemCard_title_2518489593" class="sprite__smilefresh--before element-info-qty-minus" aria-disabled="true"><span class="for-a11y">상품 수 <!-- -->1<!-- --> 감소</span></button><span class="element-info-item-qty" aria-describedby="itemCard_title_2518489593"><span class="for-a11y">선택된 수량</span> <!-- -->1</span><button aria-describedby="itemCard_title_2518489593" class="sprite__smilefresh--before element-info-qty-plus"><span class="for-a11y">상품 수 <!-- -->1<!-- --> 증가</span></button></div><button type="button" class="sprite__smilefresh--before element-info-cart" aria-describedby="itemCard_title_2518489593"><span class="for-a11y">장바구니 담기</span></button></div><a href="https://item.gmarket.co.kr/Item?goodscode=2518489593" class="link__itemcard-info"><span class="box__itemcard-title-area" id="itemCard_title_2518489593"><span class="text__title" id="item_title">자연주의 무농약 찹쌀 3kg</span></span><span class="box__itemcard-price-area"><span class="box__price-seller"><span class="for-a11y">판매가</span><strong class="text__price-seller">19,800</strong><span class="text__unit">원</span></span><span class="box__prime-cost"><span class="for-a11y">원가</span><span class="text__unit-cost">(<!-- -->100g당 660원<!-- -->)</span></span></span><span class="box__itemcard-info-score"><span class="sprite__smilefresh--before box__score-awards"><span class="for-a11y">평점</span><span class="text text__score">4.9</span><span class="for-a11y">후기</span><span class="text text__num">(98)</span><span class="for-a11y">건</span></span><span class="box__score-buycnt"><span class="text text__buy">구매</span><span class="text text__num">260</span><span class="for-a11y">건</span></span></span><span class="box__itemcard-benefit-tag"><span class="box__tag box__tag-coupon"><span class="sprite__smilefresh--before box__inner">15% 쿠폰</span></span></span></a><button type="button" class="sprite__smilefresh--after button__favorite-item" aria-describedby="itemCard_title_2518489593" aria-pressed="false" aria-label="관심상품 등록하기"></button></div></div></div></div></li><li class="list-item"><div class="box__itemcard-container"><div class="box__itemcard-body"><div class="box__itemcard-inner"><span class="box__thumbnail__label">82</span><a class="link__itemcard" href="https://item.gmarket.co.kr/Item?goodscode=2518529200" tabindex="-1" aria-hidden="true"><span class="box__itemcard-img"><img class="image__itemcard no-js-400?ver=1725088251" src="data:image/gif;base64,R0lGODlhAQABAIAAAP///wAAACH5BAEAAAAALAAAAAABAAEAAAICRAEAOw==" alt="약콩 500g - 상품 이미지"/><noscript><style>.no-js-400?ver=1725088251 { display: none !important; }</style><img class="image__itemcard" src="https://gdimg.gmarket.co.kr/2518529200/still/400?ver=1725088251" alt="약콩 500g - 상품 이미지"/></noscript></span></a><div class="box__itemcard-info"><div class="box__element-info"><div class="element-info-qty"><button aria-describedby="itemCard_title_2518529200" class="sprite__smilefresh--before element-info-qty-minus" aria-disabled="true"><span class="for-a11y">상품 수 <!-- -->1<!-- --> 감소</span></button><span class="element-info-item-qty" aria-describedby="itemCard_title_2518529200"><span class="for-a11y">선택된 수량</span> <!-- -->1</span><button aria-describedby="itemCard_title_2518529200" class="sprite__smilefresh--before element-info-qty-plus"><span class="for-a11y">상품 수 <!-- -->1<!-- --> 증가</span></button></div><button type="button" class="sprite__smilefresh--before element-info-cart" aria-describedby="itemCard_title_2518529200"><span class="for-a11y">장바구니 담기</span></button></div><a href="https://item.gmarket.co.kr/Item?goodscode=2518529200" class="link__itemcard-info"><span class="box__itemcard-title-area" id="itemCard_title_2518529200"><span class="text__title" id="item_title">약콩 500g</span></span><span class="box__itemcard-price-area"><span class="box__price-seller"><span class="for-a11y">판매가</span><strong class="text__price-seller">9,380</strong><span class="text__unit">원</span></span></span><span class="box__itemcard-info-score"><span class="sprite__smilefresh--before box__score-awards"><span class="for-a11y">평점</span><span class="text text__score">4.7</span><span class="for-a11y">후기</span><span class="text text__num">(42)</span><span class="for-a11y">건</span></span><span class="box__score-buycnt"><span class="text text__buy">구매</span><span class="text text__num">86</span><span class="for-a11y">건</span></span></span><span class="box__itemcard-benefit-tag"><span class="box__tag box__tag-coupon"><span class="sprite__smilefresh--before box__inner">15% 쿠폰</span></span></span></a><button type="button" class="sprite__smilefresh--after button__favorite-item" aria-describedby="itemCard_title_2518529200" aria-pressed="false" aria-label="관심상품 등록하기"></button></div></div></div></div></li><li class="list-item"><div class="box__itemcard-container"><div class="box__itemcard-body"><div class="box__itemcard-inner"><span class="box__thumbnail__label">83</span><a class="link__itemcard" href="https://item.gmarket.co.kr/Item?goodscode=2518551902" tabindex="-1" aria-hidden="true"><span class="box__itemcard-img"><img class="image__itemcard no-js-400?ver=1725331882" src="data:image/gif;base64,R0lGODlhAQABAIAAAP///wAAACH5BAEAAAAALAAAAAABAAEAAAICRAEAOw==" alt="철원 오대쌀 10kg - 상품 이미지"/><noscript><style>.no-js-400?ver=1725331882 { display: none !important; }</style><img class="image__itemcard" src="https://gdimg.gmarket.co.kr/2518551902/still/400?ver=1725331882" alt="철원 오대쌀 10kg - 상품 이미지"/></noscript></span></a><div class="box__itemcard-info"><div class="box__element-info"><div class="element-info-qty"><button aria-describedby="itemCard_title_2518551902" class="sprite__smilefresh--before element-info-qty-minus" aria-disabled="true"><span class="for-a11y">상품 수 <!-- -->1<!-- --> 감소</span></button><span class="element-info-item-qty" aria-describedby="itemCard_title_2518551902"><span class="for-a11y">선택된 수량</span> <!-- -->1</span><button aria-describedby="itemCard_title_2518551902" class="sprite__smilefresh--before element-info-qty-plus"><span class="for-a11y">상품 수 <!-- -->1<!-- --> 증가</span></button></div><button type="button" class="sprite__smilefresh--before element-info-cart" aria-describedby="itemCard_title_2518551902"><span class="for-a11y">장바구니 담기</span></button></div><a href="https://item.gmarket.co.kr/Item?goodscode=2518551902" class="link__itemcard-info"><span class="box__itemcard-title-area" id="itemCard_title_2518551902"><span class="text__title" id="item_title">철원 오대쌀 10kg</span></span><span class="box__itemcard-price-area"><span class="box__price-seller"><span class="for-a11y">판매가</span><strong class="text__price-seller">39,900</strong><span class="text__unit">원</span></span><span class="box__prime-cost"><span class="for-a11y">원가</span><strong class="text__dc-rate">11<!-- -->%</strong><span class="text__prime-cost">44,900<span class="text__unit">원</span></span></span></span><span class="box__itemcard-info-score"><span class="sprite__smilefresh--before box__score-awards"><span class="for-a11y">평점</span><span class="text text__score">4.7</span><span class="for-a11y">후기</span><span class="text text__num">(254)</span><span class="for-a11y">건</span></span><span class="box__score-buycnt"><span class="text text__buy">구매</span><span class="text text__num">780</span><span class="for-a11y">건</span></span></span><span class="box__itemcard-benefit-tag"><span class="box__tag box__tag-coupon"><span class="sprite__smilefresh--before box__inner">15% 쿠폰</span></span></span></a><button type="button" class="sprite__smilefresh--after button__favorite-item" aria-describedby="itemCard_title_2518551902" aria-pressed="false" aria-label="관심상품 등록하기"></button></div></div></div></div></li><li class="list-item"><div class="box__itemcard-container"><div class="box__itemcard-body"><div class="box__itemcard-inner"><span class="box__thumbnail__label">84</span><a class="link__itemcard" href="https://item.gmarket.co.kr/Item?goodscode=2518852685" tabindex="-1" aria-hidden="true"><span class="box__itemcard-img"><img class="image__itemcard no-js-400?ver=1725092282" src="data:image/gif;base64,R0lGODlhAQABAIAAAP///wAAACH5BAEAAAAALAAAAAABAAEAAAICRAEAOw==" alt="돼지감자현미 2kg - 상품 이미지"/><noscript><style>.no-js-400?ver=1725092282 { display: none !important; }</style><img class="image__itemcard" src="https://gdimg.gmarket.co.kr/2518852685/still/400?ver=1725092282" alt="돼지감자현미 2kg - 상품 이미지"/></noscript></span></a><div class="box__itemcard-info"><div class="box__element-info"><div class="element-info-qty"><button aria-describedby="itemCard_title_2518852685" class="sprite__smilefresh--before element-info-qty-minus" aria-disabled="true"><span class="for-a11y">상품 수 <!-- -->1<!-- --> 감소</span></button><span class="element-info-item-qty" aria-describedby="itemCard_title_2518852685"><span class="for-a11y">선택된 수량</span> <!-- -->1</span><button aria-describedby="itemCard_title_2518852685" class="sprite__smilefresh--before element-info-qty-plus"><span class="for-a11y">상품 수 <!-- -->1<!-- --> 증가</span></button></div><button type="button" class="sprite__smilefresh--before element-info-cart" aria-describedby="itemCard_title_2518852685"><span class="for-a11y">장바구니 담기</span></button></div><a href="https://item.gmarket.co.kr/Item?goodscode=2518852685" class="link__itemcard-info"><span class="box__itemcard-title-area" id="itemCard_title_2518852685"><span class="text__title" id="item_title">돼지감자현미 2kg</span></span><span class="box__itemcard-price-area"><span class="box__price-seller"><span class="for-a11y">판매가</span><strong class="text__price-seller">8,480</strong><span class="text__unit">원</span></span><span class="box__prime-cost"><span class="for-a11y">원가</span><strong class="text__dc-rate">19<!-- -->%</strong><span class="text__prime-cost">10,480<span class="text__unit">원</span></span></span></span><span class="box__itemcard-info-score"><span class="sprite__smilefresh--before box__score-awards"><span class="for-a11y">평점</span><span class="text text__score">4.8</span><span class="for-a11y">후기</span><span class="text text__num">(98)</span><span class="for-a11y">건</span></span><span class="box__score-buycnt"><span class="text text__buy">구매</span><span class="text text__num">193</span><span class="for-a11y">건</span></span></span><span class="box__itemcard-benefit-tag"><span class="box__tag box__tag-coupon"><span class="sprite__smilefresh--before box__inner">15% 쿠폰</span></span></span></a><button type="button" class="sprite__smilefresh--after button__favorite-item" aria-describedby="itemCard_title_2518852685" aria-pressed="false" aria-label="관심상품 등록하기"></button></div></div></div></div></li><li class="list-item"><div class="box__itemcard-container"><div class="box__itemcard-body"><div class="box__itemcard-inner"><span class="box__thumbnail__label">85</span><a class="link__itemcard" href="https://item.gmarket.co.kr/Item?goodscode=2519094519" tabindex="-1" aria-hidden="true"><span class="box__itemcard-img"><img class="image__itemcard no-js-400?ver=1725099900" src="data:image/gif;base64,R0lGODlhAQABAIAAAP///wAAACH5BAEAAAAALAAAAAABAAEAAAICRAEAOw==" alt="귀리쌀(캐나다산)4kg - 상품 이미지"/><noscript><style>.no-js-400?ver=1725099900 { display: none !important; }</style><img class="image__itemcard" src="https://gdimg.gmarket.co.kr/2519094519/still/400?ver=1725099900" alt="귀리쌀(캐나다산)4kg - 상품 이미지"/></noscript></span></a><div class="box__itemcard-info"><div class="box__element-info"><div class="element-info-qty"><button aria-describedby="itemCard_title_2519094519" class="sprite__smilefresh--before element-info-qty-minus" aria-disabled="true"><span class="for-a11y">상품 수 <!-- -->1<!-- --> 감소</span></button><span class="element-info-item-qty" aria-describedby="itemCard_title_2519094519"><span class="for-a11y">선택된 수량</span> <!-- -->1</span><button aria-describedby="itemCard_title_2519094519" class="sprite__smilefresh--before element-info-qty-plus"><span class="for-a11y">상품 수 <!-- -->1<!-- --> 증가</span></button></div><button type="button" class="sprite__smilefresh--before element-info-cart" aria-describedby="itemCard_title_2519094519"><span class="for-a11y">장바구니 담기</span></button></div><a href="https://item.gmarket.co.kr/Item?goodscode=2519094519" class="link__itemcard-info"><span class="box__itemcard-title-area" id="itemCard_title_2519094519"><span class="text__title" id="item_title">귀리쌀(캐나다산)4kg</span></span><span class="box__itemcard-price-area"><span class="box__price-seller"><span class="for-a11y">판매가</span><strong class="text__price-seller">8,380</strong><span class="text__unit">원</span></span></span><span class="box__itemcard-info-score"><span class="sprite__smilefresh--before box__score-awards"><span class="for-a11y">평점</span><span class="text text__score">4.6</span><span class="for-a11y">후기</span><span class="text text__num">(348)</span><span class="for-a11y">건</span></span><span class="box__score-buycnt"><span class="text text__buy">구매</span><span class="text text__num">559</span><span class="for-a11y">건</span></span></span><span class="box__itemcard-benefit-tag"><span class="box__tag box__tag-coupon"><span class="sprite__smilefresh--before box__inner">15% 쿠폰</span></span></span></a><button type="button" class="sprite__smilefresh--after button__favorite-item" aria-describedby="itemCard_title_2519094519" aria-pressed="false" aria-label="관심상품 등록하기"></button></div></div></div></div></li><li class="list-item"><div class="box__itemcard-container"><div class="box__itemcard-body"><div class="box__itemcard-inner"><span class="box__thumbnail__label">86</span><a class="link__itemcard" href="https://item.gmarket.co.kr/Item?goodscode=2519117584" tabindex="-1" aria-hidden="true"><span class="box__itemcard-img"><img class="image__itemcard no-js-400?ver=1725117078" src="data:image/gif;base64,R0lGODlhAQABAIAAAP///wAAACH5BAEAAAAALAAAAAABAAEAAAICRAEAOw==" alt="윤기공주 쌀 4kg - 상품 이미지"/><noscript><style>.no-js-400?ver=1725117078 { display: none !important; }</style><img class="image__itemcard" src="https://gdimg.gmarket.co.kr/2519117584/still/400?ver=1725117078" alt="윤기공주 쌀 4kg - 상품 이미지"/></noscript></span></a><div class="box__itemcard-info"><div class="box__element-info"><div class="element-info-qty"><button aria-describedby="itemCard_title_2519117584" class="sprite__smilefresh--before element-info-qty-minus" aria-disabled="true"><span class="for-a11y">상품 수 <!-- -->1<!-- --> 감소</span></button><span class="element-info-item-qty" aria-describedby="itemCard_title_2519117584"><span class="for-a11y">선택된 수량</span> <!-- -->1</span><button aria-describedby="itemCard_title_2519117584" class="sprite__smilefresh--before element-info-qty-plus"><span class="for-a11y">상품 수 <!-- -->1<!-- --> 증가</span></button></div><button type="button" class="sprite__smilefresh--before element-info-cart" aria-describedby="itemCard_title_2519117584"><span class="for-a11y">장바구니 담기</span></button></div><a href="https://item.gmarket.co.kr/Item?goodscode=2519117584" class="link__itemcard-info"><span class="box__itemcard-title-area" id="itemCard_title_2519117584"><span class="text__title" id="item_title">윤기공주 쌀 4kg</span></span><span class="box__itemcard-price-area"><span class="box__price-seller"><span class="for-a11y">판매가</span><strong class="text__price-seller">21,900</strong><span class="text__unit">원</span></span></span><span class="box__itemcard-info-score"><span class="sprite__smilefresh--before box__score-awards"><span class="for-a11y">평점</span><span class="text text__score">4.7</span><span class="for-a11y">후기</span><span class="text text__num">(11)</span><span class="for-a11y">건</span></span><span class="box__score-buycnt"><span class="text text__buy">구매</span><span class="text text__num">46</span><span class="for-a11y">건</span></span></span><span class="box__itemcard-benefit-tag"><span class="box__tag box__tag-coupon"><span class="sprite__smilefresh--before box__inner">15% 쿠폰</span></span></span></a><button type="button" class="sprite__smilefresh--after button__favorite-item" aria-describedby="itemCard_title_2519117584" aria-pressed="false" aria-label="관심상품 등록하기"></button></div></div></div></div></li><li class="list-item"><div class="box__itemcard-container"><div class="box__itemcard-body"><div class="box__itemcard-inner"><span class="box__thumbnail__label">87</span><a class="link__itemcard" href="https://item.gmarket.co.kr/Item?goodscode=2522432165" tabindex="-1" aria-hidden="true"><span class="box__itemcard-img"><img class="image__itemcard no-js-400?ver=1725101339" src="data:image/gif;base64,R0lGODlhAQABAIAAAP///wAAACH5BAEAAAAALAAAAAABAAEAAAICRAEAOw==" alt="서리태 콩국물 가루 450g - 상품 이미지"/><noscript><style>.no-js-400?ver=1725101339 { display: none !important; }</style><img class="image__itemcard" src="https://gdimg.gmarket.co.kr/2522432165/still/400?ver=1725101339" alt="서리태 콩국물 가루 450g - 상품 이미지"/></noscript></span></a><div class="box__itemcard-info"><div class="box__element-info"><div class="element-info-qty"><button aria-describedby="itemCard_title_2522432165" class="sprite__smilefresh--before element-info-qty-minus" aria-disabled="true"><span class="for-a11y">상품 수 <!-- -->1<!-- --> 감소</span></button><span class="element-info-item-qty" aria-describedby="itemCard_title_2522432165"><span class="for-a11y">선택된 수량</span> <!-- -->1</span><button aria-describedby="itemCard_title_2522432165" class="sprite__smilefresh--before element-info-qty-plus"><span class="for-a11y">상품 수 <!-- -->1<!-- --> 증가</span></button></div><button type="button" class="sprite__smilefresh--before element-info-cart" aria-describedby="itemCard_title_2522432165"><span class="for-a11y">장바구니 담기</span></button></div><a href="https://item.gmarket.co.kr/Item?goodscode=2522432165" class="link__itemcard-info"><span class="box__itemcard-title-area" id="itemCard_title_2522432165"><span class="text__title" id="item_title">서리태 콩국물 가루 450g</span></span><span class="box__itemcard-price-area"><span class="box__price-seller"><span class="for-a11y">판매가</span><strong class="text__price-seller">10,480</strong><span class="text__unit">원</span></span></span><span class="box__itemcard-info-score"><span class="sprite__smilefresh--before box__score-awards"><span class="for-a11y">평점</span><span class="text text__score">4.7</span><span class="for-a11y">후기</span><span class="text text__num">(97)</span><span class="for-a11y">건</span></span><span class="box__score-buycnt"><span class="text text__buy">구매</span><span class="text text__num">174</span><span class="for-a11y">건</span></span></span><span class="box__itemcard-benefit-tag"><span class="box__tag box__tag-coupon"><span class="sprite__smilefresh--before box__inner">15% 쿠폰</span></span></span></a><button type="button" class="sprite__smilefresh--after button__favorite-item" aria-describedby="itemCard_title_2522432165" aria-pressed="false" aria-label="관심상품 등록하기"></button></div></div></div></div></li><li class="list-item"><div class="box__itemcard-container"><div class="box__itemcard-body"><div class="box__itemcard-inner"><span class="box__thumbnail__label">88</span><a class="link__itemcard" href="https://item.gmarket.co.kr/Item?goodscode=2522646830" tabindex="-1" aria-hidden="true"><span class="box__itemcard-img"><img class="image__itemcard no-js-400?ver=1725103822" src="data:image/gif;base64,R0lGODlhAQABAIAAAP///wAAACH5BAEAAAAALAAAAAABAAEAAAICRAEAOw==" alt="겉보리쌀2kg - 상품 이미지"/><noscript><style>.no-js-400?ver=1725103822 { display: none !important; }</style><img class="image__itemcard" src="https://gdimg.gmarket.co.kr/2522646830/still/400?ver=1725103822" alt="겉보리쌀2kg - 상품 이미지"/></noscript></span></a><div class="box__itemcard-info"><div class="box__element-info"><div class="element-info-qty"><button aria-describedby="itemCard_title_2522646830" class="sprite__smilefresh--before element-info-qty-minus" aria-disabled="true"><span class="for-a11y">상품 수 <!-- -->1<!-- --> 감소</span></button><span class="element-info-item-qty" aria-describedby="itemCard_title_2522646830"><span class="for-a11y">선택된 수량</span> <!-- -->1</span><button aria-describedby="itemCard_title_2522646830" class="sprite__smilefresh--before element-info-qty-plus"><span class="for-a11y">상품 수 <!-- -->1<!-- --> 증가</span></button></div><button type="button" class="sprite__smilefresh--before element-info-cart" aria-describedby="itemCard_title_2522646830"><span class="for-a11y">장바구니 담기</span></button></div><a href="https://item.gmarket.co.kr/Item?goodscode=2522646830" class="link__itemcard-info"><span class="box__itemcard-title-area" id="itemCard_title_2522646830"><span class="text__title" id="item_title">겉보리쌀2kg</span></span><span class="box__itemcard-price-area"><span class="box__price-seller"><span class="for-a11y">판매가</span><strong class="text__price-seller">9,380</strong><span class="text__unit">원</span></span></span><span class="box__itemcard-info-score"><span class="sprite__smilefresh--before box__score-awards"><span class="for-a11y">평점</span><span class="text text__score">4.7</span><span class="for-a11y">후기</span><span class="text text__num">(108)</span><span class="for-a11y">건</span></span><span class="box__score-buycnt"><span class="text text__buy">구매</span><span class="text text__num">285</span><span class="for-a11y">건</span></span></span><span class="box__itemcard-benefit-tag"><span class="box__tag box__tag-coupon"><span class="sprite__smilefresh--before box__inner">15% 쿠폰</span></span></span></a><button type="button" class="sprite__smilefresh--after button__favorite-item" aria-describedby="itemCard_title_2522646830" aria-pressed="false" aria-label="관심상품 등록하기"></button></div></div></div></div></li><li class="list-item"><div class="box__itemcard-container"><div class="box__itemcard-body"><div class="box__itemcard-inner"><span class="box__thumbnail__label">89</span><a class="link__itemcard" href="https://item.gmarket.co.kr/Item?goodscode=2522648944" tabindex="-1" aria-hidden="true"><span class="box__itemcard-img"><img class="image__itemcard no-js-400?ver=1725103040" src="data:image/gif;base64,R0lGODlhAQABAIAAAP///wAAACH5BAEAAAAALAAAAAABAAEAAAICRAEAOw==" alt="흰강낭콩 500g - 상품 이미지"/><noscript><style>.no-js-400?ver=1725103040 { display: none !important; }</style><img class="image__itemcard" src="https://gdimg.gmarket.co.kr/2522648944/still/400?ver=1725103040" alt="흰강낭콩 500g - 상품 이미지"/></noscript></span></a><div class="box__itemcard-info"><div class="box__element-info"><div class="element-info-qty"><button aria-describedby="itemCard_title_2522648944" class="sprite__smilefresh--before element-info-qty-minus" aria-disabled="true"><span class="for-a11y">상품 수 <!-- -->1<!-- --> 감소</span></button><span class="element-info-item-qty" aria-describedby="itemCard_title_2522648944"><span class="for-a11y">선택된 수량</span> <!-- -->1</span><button aria-describedby="itemCard_title_2522648944" class="sprite__smilefresh--before element-info-qty-plus"><span class="for-a11y">상품 수 <!-- -->1<!-- --> 증가</span></button></div><button type="button" class="sprite__smilefresh--before element-info-cart" aria-describedby="itemCard_title_2522648944"><span class="for-a11y">장바구니 담기</span></button></div><a href="https://item.gmarket.co.kr/Item?goodscode=2522648944" class="link__itemcard-info"><span class="box__itemcard-title-area" id="itemCard_title_2522648944"><span class="text__title" id="item_title">흰강낭콩 500g</span></span><span class="box__itemcard-price-area"><span class="box__price-seller"><span class="for-a11y">판매가</span><strong class="text__price-seller">4,180</strong><span class="text__unit">원</span></span></span><span class="box__itemcard-info-score"><span class="sprite__smilefresh--before box__score-awards"><span class="for-a11y">평점</span><span class="text text__score">4.6</span><span class="for-a11y">후기</span><span class="text text__num">(41)</span><span class="for-a11y">건</span></span><span class="box__score-buycnt"><span class="text text__buy">구매</span><span class="text text__num">93</span><span class="for-a11y">건</span></span></span><span class="box__itemcard-benefit-tag"><span class="box__tag box__tag-coupon"><span class="sprite__smilefresh--before box__inner">15% 쿠폰</span></span></span></a><button type="button" class="sprite__smilefresh--after button__favorite-item" aria-describedby="itemCard_title_2522648944" aria-pressed="false" aria-label="관심상품 등록하기"></button></div></div></div></div></li><li class="list-item"><div class="box__itemcard-container"><div class="box__itemcard-body"><div class="box__itemcard-inner"><span class="box__thumbnail__label">90</span><a class="link__itemcard" href="https://item.gmarket.co.kr/Item?goodscode=2522740248" tabindex="-1" aria-hidden="true"><span class="box__itemcard-img"><img class="image__itemcard no-js-400?ver=1725104365" src="data:image/gif;base64,R0lGODlhAQABAIAAAP///wAAACH5BAEAAAAALAAAAAABAAEAAAICRAEAOw==" alt="검정콩 미숫가루 1kg - 상품 이미지"/><noscript><style>.no-js-400?ver=1725104365 { display: none !important; }</style><img class="image__itemcard" src="https://gdimg.gmarket.co.kr/2522740248/still/400?ver=1725104365" alt="검정콩 미숫가루 1kg - 상품 이미지"/></noscript></span></a><div class="box__itemcard-info"><div class="box__element-info"><div class="element-info-qty"><button aria-describedby="itemCard_title_2522740248" class="sprite__smilefresh--before element-info-qty-minus" aria-disabled="true"><span class="for-a11y">상품 수 <!-- -->1<!-- --> 감소</span></button><span class="element-info-item-qty" aria-describedby="itemCard_title_2522740248"><span class="for-a11y">선택된 수량</span> <!-- -->1</span><button aria-describedby="itemCard_title_2522740248" class="sprite__smilefresh--before element-info-qty-plus"><span class="for-a11y">상품 수 <!-- -->1<!-- --> 증가</span></button></div><button type="button" class="sprite__smilefresh--before element-info-cart" aria-describedby="itemCard_title_2522740248"><span class="for-a11y">장바구니 담기</span></button></div><a href="https://item.gmarket.co.kr/Item?goodscode=2522740248" class="link__itemcard-info"><span class="box__itemcard-title-area" id="itemCard_title_2522740248"><span class="text__title" id="item_title">검정콩 미숫가루 1kg</span></span><span class="box__itemcard-price-area"><span class="box__price-seller"><span class="for-a11y">판매가</span><strong class="text__price-seller">16,600</strong><span class="text__unit">원</span></span></span><span class="box__itemcard-info-score"><span class="sprite__smilefresh--before box__score-awards"><span class="for-a11y">평점</span><span class="text text__score">4.5</span><span class="for-a11y">후기</span><span class="text text__num">(34)</span><span class="for-a11y">건</span></span><span class="box__score-buycnt"><span class="text text__buy">구매</span><span class="text text__num">84</span><span class="for-a11y">건</span></span></span><span class="box__itemcard-benefit-tag"><span class="box__tag box__tag-coupon"><span class="sprite__smilefresh--before box__inner">15% 쿠폰</span></span></span></a><button type="button" class="sprite__smilefresh--after button__favorite-item" aria-describedby="itemCard_title_2522740248" aria-pressed="false" aria-label="관심상품 등록하기"></button></div></div></div></div></li><li class="list-item"><div class="box__itemcard-container"><div class="box__itemcard-body"><div class="box__itemcard-inner"><span class="box__thumbnail__label">91</span><a class="link__itemcard" href="https://item.gmarket.co.kr/Item?goodscode=2522866754" tabindex="-1" aria-hidden="true"><span class="box__itemcard-img"><img class="image__itemcard no-js-400?ver=1725117075" src="data:image/gif;base64,R0lGODlhAQABAIAAAP///wAAACH5BAEAAAAALAAAAAABAAEAAAICRAEAOw==" alt="오덕쌀 친들미 4kg - 상품 이미지"/><noscript><style>.no-js-400?ver=1725117075 { display: none !important; }</style><img class="image__itemcard" src="https://gdimg.gmarket.co.kr/2522866754/still/400?ver=1725117075" alt="오덕쌀 친들미 4kg - 상품 이미지"/></noscript></span></a><div class="box__itemcard-info"><div class="box__element-info"><div class="element-info-qty"><button aria-describedby="itemCard_title_2522866754" class="sprite__smilefresh--before element-info-qty-minus" aria-disabled="true"><span class="for-a11y">상품 수 <!-- -->1<!-- --> 감소</span></button><span class="element-info-item-qty" aria-describedby="itemCard_title_2522866754"><span class="for-a11y">선택된 수량</span> <!-- -->1</span><button aria-describedby="itemCard_title_2522866754" class="sprite__smilefresh--before element-info-qty-plus"><span class="for-a11y">상품 수 <!-- -->1<!-- --> 증가</span></button></div><button type="button" class="sprite__smilefresh--before element-info-cart" aria-describedby="itemCard_title_2522866754"><span class="for-a11y">장바구니 담기</span></button></div><a href="https://item.gmarket.co.kr/Item?goodscode=2522866754" class="link__itemcard-info"><span class="box__itemcard-title-area" id="itemCard_title_2522866754"><span class="text__brand"><span class="text">오덕쌀</span></span><span class="text__title" id="item_title">오덕쌀 친들미 4kg</span></span><span class="box__itemcard-price-area"><span class="box__price-seller"><span class="for-a11y">판매가</span><strong class="text__price-seller">19,800</strong><span class="text__unit">원</span></span><span class="box__prime-cost"><span class="for-a11y">원가</span><span class="text__unit-cost">(<!-- -->100g당 495원<!-- -->)</span></span></span><span class="box__itemcard-info-score"><span class="sprite__smilefresh--before box__score-awards"><span class="for-a11y">평점</span><span class="text text__score">4.7</span><span class="for-a11y">후기</span><span class="text text__num">(540)</span><span class="for-a11y">건</span></span><span class="box__score-buycnt"><span class="text text__buy">구매</span><span class="text text__num">1,037</span><span class="for-a11y">건</span></span></span><span class="box__itemcard-benefit-tag"><span class="box__tag box__tag-coupon"><span class="sprite__smilefresh--before box__inner">15% 쿠폰</span></span></span></a><button type="button" class="sprite__smilefresh--after button__favorite-item" aria-describedby="itemCard_title_2522866754" aria-pressed="false" aria-label="관심상품 등록하기"></button></div></div></div></div></li><li class="list-item"><div class="box__itemcard-container"><div class="box__itemcard-body"><div class="box__itemcard-inner"><span class="box__thumbnail__label">92</span><a class="link__itemcard" href="https://item.gmarket.co.kr/Item?goodscode=2522881208" tabindex="-1" aria-hidden="true"><span class="box__itemcard-img"><img class="image__itemcard no-js-400?ver=1725118519" src="data:image/gif;base64,R0lGODlhAQABAIAAAP///wAAACH5BAEAAAAALAAAAAABAAEAAAICRAEAOw==" alt="유기농 찹쌀 1kg - 상품 이미지"/><noscript><style>.no-js-400?ver=1725118519 { display: none !important; }</style><img class="image__itemcard" src="https://gdimg.gmarket.co.kr/2522881208/still/400?ver=1725118519" alt="유기농 찹쌀 1kg - 상품 이미지"/></noscript></span></a><div class="box__itemcard-info"><div class="box__element-info"><div class="element-info-qty"><button aria-describedby="itemCard_title_2522881208" class="sprite__smilefresh--before element-info-qty-minus" aria-disabled="true"><span class="for-a11y">상품 수 <!-- -->1<!-- --> 감소</span></button><span class="element-info-item-qty" aria-describedby="itemCard_title_2522881208"><span class="for-a11y">선택된 수량</span> <!-- -->1</span><button aria-describedby="itemCard_title_2522881208" class="sprite__smilefresh--before element-info-qty-plus"><span class="for-a11y">상품 수 <!-- -->1<!-- --> 증가</span></button></div><button type="button" class="sprite__smilefresh--before element-info-cart" aria-describedby="itemCard_title_2522881208"><span class="for-a11y">장바구니 담기</span></button></div><a href="https://item.gmarket.co.kr/Item?goodscode=2522881208" class="link__itemcard-info"><span class="box__itemcard-title-area" id="itemCard_title_2522881208"><span class="text__title" id="item_title">유기농 찹쌀 1kg</span></span><span class="box__itemcard-price-area"><span class="box__price-seller"><span class="for-a11y">판매가</span><strong class="text__price-seller">7,980</strong><span class="text__unit">원</span></span><span class="box__prime-cost"><span class="for-a11y">원가</span><span class="text__unit-cost">(<!-- -->100g당 798원<!-- -->)</span></span></span><span class="box__itemcard-info-score"><span class="sprite__smilefresh--before box__score-awards"><span class="for-a11y">평점</span><span class="text text__score">4.5</span><span class="for-a11y">후기</span><span class="text text__num">(12)</span><span class="for-a11y">건</span></span><span class="box__score-buycnt"><span class="text text__buy">구매</span><span class="text text__num">60</span><span class="for-a11y">건</span></span></span><span class="box__itemcard-benefit-tag"><span class="box__tag box__tag-coupon"><span class="sprite__smilefresh--before box__inner">15% 쿠폰</span></span></span></a><button type="button" class="sprite__smilefresh--after button__favorite-item" aria-describedby="itemCard_title_2522881208" aria-pressed="false" aria-label="관심상품 등록하기"></button></div></div></div></div></li><li class="list-item"><div class="box__itemcard-container"><div class="box__itemcard-body"><div class="box__itemcard-inner"><span class="box__thumbnail__label">93</span><a class="link__itemcard" href="https://item.gmarket.co.kr/Item?goodscode=2522881983" tabindex="-1" aria-hidden="true"><span class="box__itemcard-img"><img class="image__itemcard no-js-400?ver=1725119560" src="data:image/gif;base64,R0lGODlhAQABAIAAAP///wAAACH5BAEAAAAALAAAAAABAAEAAAICRAEAOw==" alt="무농약 검정찰현미 1kg - 상품 이미지"/><noscript><style>.no-js-400?ver=1725119560 { display: none !important; }</style><img class="image__itemcard" src="https://gdimg.gmarket.co.kr/2522881983/still/400?ver=1725119560" alt="무농약 검정찰현미 1kg - 상품 이미지"/></noscript></span></a><div class="box__itemcard-info"><div class="box__element-info"><div class="element-info-qty"><button aria-describedby="itemCard_title_2522881983" class="sprite__smilefresh--before element-info-qty-minus" aria-disabled="true"><span class="for-a11y">상품 수 <!-- -->1<!-- --> 감소</span></button><span class="element-info-item-qty" aria-describedby="itemCard_title_2522881983"><span class="for-a11y">선택된 수량</span> <!-- -->1</span><button aria-describedby="itemCard_title_2522881983" class="sprite__smilefresh--before element-info-qty-plus"><span class="for-a11y">상품 수 <!-- -->1<!-- --> 증가</span></button></div><button type="button" class="sprite__smilefresh--before element-info-cart" aria-describedby="itemCard_title_2522881983"><span class="for-a11y">장바구니 담기</span></button></div><a href="https://item.gmarket.co.kr/Item?goodscode=2522881983" class="link__itemcard-info"><span class="box__itemcard-title-area" id="itemCard_title_2522881983"><span class="text__brand"><span class="text">월드그린</span></span><span class="text__title" id="item_title">무농약 검정찰현미 1kg</span></span><span class="box__itemcard-price-area"><span class="box__price-seller"><span class="for-a11y">판매가</span><strong class="text__price-seller">7,980</strong><span class="text__unit">원</span></span><span class="box__prime-cost"><span class="for-a11y">원가</span><span class="text__unit-cost">(<!-- -->100g당 798원<!-- -->)</span></span></span><span class="box__itemcard-info-score"><span class="sprite__smilefresh--before box__score-awards"><span class="for-a11y">평점</span><span class="text text__score">4.7</span><span class="for-a11y">후기</span><span class="text text__num">(16)</span><span class="for-a11y">건</span></span><span class="box__score-buycnt"><span class="text text__buy">구매</span><span class="text text__num">70</span><span class="for-a11y">건</span></span></span><span class="box__itemcard-benefit-tag"><span class="box__tag box__tag-coupon"><span class="sprite__smilefresh--before box__inner">15% 쿠폰</span></span></span></a><button type="button" class="sprite__smilefresh--after button__favorite-item" aria-describedby="itemCard_title_2522881983" aria-pressed="false" aria-label="관심상품 등록하기"></button></div></div></div></div></li><li class="list-item"><div class="box__itemcard-container"><div class="box__itemcard-body"><div class="box__itemcard-inner"><span class="box__thumbnail__label">94</span><a class="link__itemcard" href="https://item.gmarket.co.kr/Item?goodscode=2522887365" tabindex="-1" aria-hidden="true"><span class="box__itemcard-img"><img class="image__itemcard no-js-400?ver=1725119573" src="data:image/gif;base64,R0lGODlhAQABAIAAAP///wAAACH5BAEAAAAALAAAAAABAAEAAAICRAEAOw==" alt="무농약 찹쌀 1kg - 상품 이미지"/><noscript><style>.no-js-400?ver=1725119573 { display: none !important; }</style><img class="image__itemcard" src="https://gdimg.gmarket.co.kr/2522887365/still/400?ver=1725119573" alt="무농약 찹쌀 1kg - 상품 이미지"/></noscript></span></a><div class="box__itemcard-info"><div class="box__element-info"><div class="element-info-qty"><button aria-describedby="itemCard_title_2522887365" class="sprite__smilefresh--before element-info-qty-minus" aria-disabled="true"><span class="for-a11y">상품 수 <!-- -->1<!-- --> 감소</span></button><span class="element-info-item-qty" aria-describedby="itemCard_title_2522887365"><span class="for-a11y">선택된 수량</span> <!-- -->1</span><button aria-describedby="itemCard_title_2522887365" class="sprite__smilefresh--before element-info-qty-plus"><span class="for-a11y">상품 수 <!-- -->1<!-- --> 증가</span></button></div><button type="button" class="sprite__smilefresh--before element-info-cart" aria-describedby="itemCard_title_2522887365"><span class="for-a11y">장바구니 담기</span></button></div><a href="https://item.gmarket.co.kr/Item?goodscode=2522887365" class="link__itemcard-info"><span class="box__itemcard-title-area" id="itemCard_title_2522887365"><span class="text__brand"><span class="text">월드그린</span></span><span class="text__title" id="item_title">무농약 찹쌀 1kg</span></span><span class="box__itemcard-price-area"><span class="box__price-seller"><span class="for-a11y">판매가</span><strong class="text__price-seller">6,980</strong><span class="text__unit">원</span></span><span class="box__prime-cost"><span class="for-a11y">원가</span><span class="text__unit-cost">(<!-- -->100g당 698원<!-- -->)</span></span></span><span class="box__itemcard-info-score"><span class="sprite__smilefresh--before box__score-awards"><span class="for-a11y">평점</span><span class="text text__score">4.8</span><span class="for-a11y">후기</span><span class="text text__num">(36)</span><span class="for-a11y">건</span></span><span class="box__score-buycnt"><span class="text text__buy">구매</span><span class="text text__num">144</span><span class="for-a11y">건</span></span></span><span class="box__itemcard-benefit-tag"><span class="box__tag box__tag-coupon"><span class="sprite__smilefresh--before box__inner">15% 쿠폰</span></span></span></a><button type="button" class="sprite__smilefresh--after button__favorite-item" aria-describedby="itemCard_title_2522887365" aria-pressed="false" aria-label="관심상품 등록하기"></button></div></div></div></div></li><li class="list-item"><div class="box__itemcard-container"><div class="box__itemcard-body"><div class="box__itemcard-inner"><span class="box__thumbnail__label">95</span><a class="link__itemcard" href="https://item.gmarket.co.kr/Item?goodscode=2523276035" tabindex="-1" aria-hidden="true"><span class="box__itemcard-img"><img class="image__itemcard no-js-400?ver=1725100846" src="data:image/gif;base64,R0lGODlhAQABAIAAAP///wAAACH5BAEAAAAALAAAAAABAAEAAAICRAEAOw==" alt="자연주의 무농약 여주쌀 4kg - 상품 이미지"/><noscript><style>.no-js-400?ver=1725100846 { display: none !important; }</style><img class="image__itemcard" src="https://gdimg.gmarket.co.kr/2523276035/still/400?ver=1725100846" alt="자연주의 무농약 여주쌀 4kg - 상품 이미지"/></noscript></span></a><div class="box__itemcard-info"><div class="box__element-info"><div class="element-info-qty"><button aria-describedby="itemCard_title_2523276035" class="sprite__smilefresh--before element-info-qty-minus" aria-disabled="true"><span class="for-a11y">상품 수 <!-- -->1<!-- --> 감소</span></button><span class="element-info-item-qty" aria-describedby="itemCard_title_2523276035"><span class="for-a11y">선택된 수량</span> <!-- -->1</span><button aria-describedby="itemCard_title_2523276035" class="sprite__smilefresh--before element-info-qty-plus"><span class="for-a11y">상품 수 <!-- -->1<!-- --> 증가</span></button></div><button type="button" class="sprite__smilefresh--before element-info-cart" aria-describedby="itemCard_title_2523276035"><span class="for-a11y">장바구니 담기</span></button></div><a href="https://item.gmarket.co.kr/Item?goodscode=2523276035" class="link__itemcard-info"><span class="box__itemcard-title-area" id="itemCard_title_2523276035"><span class="text__title" id="item_title">자연주의 무농약 여주쌀 4kg</span></span><span class="box__itemcard-price-area"><span class="box__price-seller"><span class="for-a11y">판매가</span><strong class="text__price-seller">33,800</strong><span class="text__unit">원</span></span><span class="box__prime-cost"><span class="for-a11y">원가</span><span class="text__unit-cost">(<!-- -->100g당 845원<!-- -->)</span></span></span><span class="box__itemcard-info-score"><span class="sprite__smilefresh--before box__score-awards"><span class="for-a11y">평점</span><span class="text text__score">4.9</span><span class="for-a11y">후기</span><span class="text text__num">(23)</span><span class="for-a11y">건</span></span><span class="box__score-buycnt"><span class="text text__buy">구매</span><span class="text text__num">112</span><span class="for-a11y">건</span></span></span><span class="box__itemcard-benefit-tag"><span class="box__tag box__tag-coupon"><span class="sprite__smilefresh--before box__inner">15% 쿠폰</span></span></span></a><button type="button" class="sprite__smilefresh--after button__favorite-item" aria-describedby="itemCard_title_2523276035" aria-pressed="false" aria-label="관심상품 등록하기"></button></div></div></div></div></li><li class="list-item"><div class="box__itemcard-container"><div class="box__itemcard-body"><div class="box__itemcard-inner"><span class="box__thumbnail__label">96</span><a class="link__itemcard" href="https://item.gmarket.co.kr/Item?goodscode=2523341994" tabindex="-1" aria-hidden="true"><span class="box__itemcard-img"><img class="image__itemcard no-js-400?ver=1725123082" src="data:image/gif;base64,R0lGODlhAQABAIAAAP///wAAACH5BAEAAAAALAAAAAABAAEAAAICRAEAOw==" alt="귀리쉐이크730g - 상품 이미지"/><noscript><style>.no-js-400?ver=1725123082 { display: none !important; }</style><img class="image__itemcard" src="https://gdimg.gmarket.co.kr/2523341994/still/400?ver=1725123082" alt="귀리쉐이크730g - 상품 이미지"/></noscript></span></a><div class="box__itemcard-info"><div class="box__element-info"><div class="element-info-qty"><button aria-describedby="itemCard_title_2523341994" class="sprite__smilefresh--before element-info-qty-minus" aria-disabled="true"><span class="for-a11y">상품 수 <!-- -->1<!-- --> 감소</span></button><span class="element-info-item-qty" aria-describedby="itemCard_title_2523341994"><span class="for-a11y">선택된 수량</span> <!-- -->1</span><button aria-describedby="itemCard_title_2523341994" class="sprite__smilefresh--before element-info-qty-plus"><span class="for-a11y">상품 수 <!-- -->1<!-- --> 증가</span></button></div><button type="button" class="sprite__smilefresh--before element-info-cart" aria-describedby="itemCard_title_2523341994"><span class="for-a11y">장바구니 담기</span></button></div><a href="https://item.gmarket.co.kr/Item?goodscode=2523341994" class="link__itemcard-info"><span class="box__itemcard-title-area" id="itemCard_title_2523341994"><span class="text__title" id="item_title">귀리쉐이크730g</span></span><span class="box__itemcard-price-area"><span class="box__price-seller"><span class="for-a11y">판매가</span><strong class="text__price-seller">7,280</strong><span class="text__unit">원</span></span></span><span class="box__itemcard-info-score"><span class="sprite__smilefresh--before box__score-awards"><span class="for-a11y">평점</span><span class="text text__score">4.8</span><span class="for-a11y">후기</span><span class="text text__num">(22)</span><span class="for-a11y">건</span></span><span class="box__score-buycnt"><span class="text text__buy">구매</span><span class="text text__num">107</span><span class="for-a11y">건</span></span></span><span class="box__itemcard-benefit-tag"><span class="box__tag box__tag-coupon"><span class="sprite__smilefresh--before box__inner">15% 쿠폰</span></span></span></a><button type="button" class="sprite__smilefresh--after button__favorite-item" aria-describedby="itemCard_title_2523341994" aria-pressed="false" aria-label="관심상품 등록하기"></button></div></div></div></div></li><li class="list-item"><div class="box__itemcard-container"><div class="box__itemcard-body"><div class="box__itemcard-inner"><span class="box__thumbnail__label">97</span><a class="link__itemcard" href="https://item.gmarket.co.kr/Item?goodscode=2523400220" tabindex="-1" aria-hidden="true"><span class="box__itemcard-img"><img class="image__itemcard no-js-400?ver=1725120944" src="data:image/gif;base64,R0lGODlhAQABAIAAAP///wAAACH5BAEAAAAALAAAAAABAAEAAAICRAEAOw==" alt="8가지 다양한 곡물을 담은 볶은통곡물믹스 200g - 상품 이미지"/><noscript><style>.no-js-400?ver=1725120944 { display: none !important; }</style><img class="image__itemcard" src="https://gdimg.gmarket.co.kr/2523400220/still/400?ver=1725120944" alt="8가지 다양한 곡물을 담은 볶은통곡물믹스 200g - 상품 이미지"/></noscript></span></a><div class="box__itemcard-info"><div class="box__element-info"><div class="element-info-qty"><button aria-describedby="itemCard_title_2523400220" class="sprite__smilefresh--before element-info-qty-minus" aria-disabled="true"><span class="for-a11y">상품 수 <!-- -->1<!-- --> 감소</span></button><span class="element-info-item-qty" aria-describedby="itemCard_title_2523400220"><span class="for-a11y">선택된 수량</span> <!-- -->1</span><button aria-describedby="itemCard_title_2523400220" class="sprite__smilefresh--before element-info-qty-plus"><span class="for-a11y">상품 수 <!-- -->1<!-- --> 증가</span></button></div><button type="button" class="sprite__smilefresh--before element-info-cart" aria-describedby="itemCard_title_2523400220"><span class="for-a11y">장바구니 담기</span></button></div><a href="https://item.gmarket.co.kr/Item?goodscode=2523400220" class="link__itemcard-info"><span class="box__itemcard-title-area" id="itemCard_title_2523400220"><span class="text__title" id="item_title">8가지 다양한 곡물을 담은 볶은통곡물믹스 200g</span></span><span class="box__itemcard-price-area"><span class="box__price-seller"><span class="for-a11y">판매가</span><strong class="text__price-seller">3,880</strong><span class="text__unit">원</span></span></span><span class="box__itemcard-info-score"><span class="sprite__smilefresh--before box__score-awards"><span class="for-a11y">평점</span><span class="text text__score">4.4</span><span class="for-a11y">후기</span><span class="text text__num">(10)</span><span class="for-a11y">건</span></span><span class="box__score-buycnt"><span class="text text__buy">구매</span><span class="text text__num">90</span><span class="for-a11y">건</span></span></span><span class="box__itemcard-benefit-tag"><span class="box__tag box__tag-coupon"><span class="sprite__smilefresh--before box__inner">15% 쿠폰</span></span></span></a><button type="button" class="sprite__smilefresh--after button__favorite-item" aria-describedby="itemCard_title_2523400220" aria-pressed="false" aria-label="관심상품 등록하기"></button></div></div></div></div></li><li class="list-item"><div class="box__itemcard-container"><div class="box__itemcard-body"><div class="box__itemcard-inner"><span class="box__thumbnail__label">98</span><a class="link__itemcard" href="https://item.gmarket.co.kr/Item?goodscode=2523400371" tabindex="-1" aria-hidden="true"><span class="box__itemcard-img"><img class="image__itemcard no-js-400?ver=1725100358" src="data:image/gif;base64,R0lGODlhAQABAIAAAP///wAAACH5BAEAAAAALAAAAAABAAEAAAICRAEAOw==" alt="의성 일품쌀4kg - 상품 이미지"/><noscript><style>.no-js-400?ver=1725100358 { display: none !important; }</style><img class="image__itemcard" src="https://gdimg.gmarket.co.kr/2523400371/still/400?ver=1725100358" alt="의성 일품쌀4kg - 상품 이미지"/></noscript></span></a><div class="box__itemcard-info"><div class="box__element-info"><div class="element-info-qty"><button aria-describedby="itemCard_title_2523400371" class="sprite__smilefresh--before element-info-qty-minus" aria-disabled="true"><span class="for-a11y">상품 수 <!-- -->1<!-- --> 감소</span></button><span class="element-info-item-qty" aria-describedby="itemCard_title_2523400371"><span class="for-a11y">선택된 수량</span> <!-- -->1</span><button aria-describedby="itemCard_title_2523400371" class="sprite__smilefresh--before element-info-qty-plus"><span class="for-a11y">상품 수 <!-- -->1<!-- --> 증가</span></button></div><button type="button" class="sprite__smilefresh--before element-info-cart" aria-describedby="itemCard_title_2523400371"><span class="for-a11y">장바구니 담기</span></button></div><a href="https://item.gmarket.co.kr/Item?goodscode=2523400371" class="link__itemcard-info"><span class="box__itemcard-title-area" id="itemCard_title_2523400371"><span class="text__title" id="item_title">의성 일품쌀4kg</span></span><span class="box__itemcard-price-area"><span class="box__price-seller"><span class="for-a11y">판매가</span><strong class="text__price-seller">20,900</strong><span class="text__unit">원</span></span></span><span class="box__itemcard-info-score"><span class="sprite__smilefresh--before box__score-awards"><span class="for-a11y">평점</span><span class="text text__score">4.8</span><span class="for-a11y">후기</span><span class="text text__num">(109)</span><span class="for-a11y">건</span></span><span class="box__score-buycnt"><span class="text text__buy">구매</span><span class="text text__num">427</span><span class="for-a11y">건</span></span></span><span class="box__itemcard-benefit-tag"><span class="box__tag box__tag-coupon"><span class="sprite__smilefresh--before box__inner">15% 쿠폰</span></span></span></a><button type="button" class="sprite__smilefresh--after button__favorite-item" aria-describedby="itemCard_title_2523400371" aria-pressed="false" aria-label="관심상품 등록하기"></button></div></div></div></div></li><li class="list-item"><div class="box__itemcard-container"><div class="box__itemcard-body"><div class="box__itemcard-inner"><span class="box__thumbnail__label">99</span><a class="link__itemcard" href="https://item.gmarket.co.kr/Item?goodscode=2523417907" tabindex="-1" aria-hidden="true"><span class="box__itemcard-img"><img class="image__itemcard no-js-400?ver=1725100350" src="data:image/gif;base64,R0lGODlhAQABAIAAAP///wAAACH5BAEAAAAALAAAAAABAAEAAAICRAEAOw==" alt="한눈에 반한 쌀5kg - 상품 이미지"/><noscript><style>.no-js-400?ver=1725100350 { display: none !important; }</style><img class="image__itemcard" src="https://gdimg.gmarket.co.kr/2523417907/still/400?ver=1725100350" alt="한눈에 반한 쌀5kg - 상품 이미지"/></noscript></span></a><div class="box__itemcard-info"><div class="box__element-info"><div class="element-info-qty"><button aria-describedby="itemCard_title_2523417907" class="sprite__smilefresh--before element-info-qty-minus" aria-disabled="true"><span class="for-a11y">상품 수 <!-- -->1<!-- --> 감소</span></button><span class="element-info-item-qty" aria-describedby="itemCard_title_2523417907"><span class="for-a11y">선택된 수량</span> <!-- -->1</span><button aria-describedby="itemCard_title_2523417907" class="sprite__smilefresh--before element-info-qty-plus"><span class="for-a11y">상품 수 <!-- -->1<!-- --> 증가</span></button></div><button type="button" class="sprite__smilefresh--before element-info-cart" aria-describedby="itemCard_title_2523417907"><span class="for-a11y">장바구니 담기</span></button></div><a href="https://item.gmarket.co.kr/Item?goodscode=2523417907" class="link__itemcard-info"><span class="box__itemcard-title-area" id="itemCard_title_2523417907"><span class="text__title" id="item_title">한눈에 반한 쌀5kg</span></span><span class="box__itemcard-price-area"><span class="box__price-seller"><span class="for-a11y">판매가</span><strong class="text__price-seller">26,100</strong><span class="text__unit">원</span></span></span><span class="box__itemcard-info-score"><span class="sprite__smilefresh--before box__score-awards"><span class="for-a11y">평점</span><span class="text text__score">4.8</span><span class="for-a11y">후기</span><span class="text text__num">(260)</span><span class="for-a11y">건</span></span><span class="box__score-buycnt"><span class="text text__buy">구매</span><span class="text text__num">683</span><span class="for-a11y">건</span></span></span><span class="box__itemcard-benefit-tag"><span class="box__tag box__tag-coupon"><span class="sprite__smilefresh--before box__inner">15% 쿠폰</span></span></span></a><button type="button" class="sprite__smilefresh--after button__favorite-item" aria-describedby="itemCard_title_2523417907" aria-pressed="false" aria-label="관심상품 등록하기"></button></div></div></div></div></li><li class="list-item"><div class="box__itemcard-container"><div class="box__itemcard-body"><div class="box__itemcard-inner"><span class="box__thumbnail__label">100</span><a class="link__itemcard" href="https://item.gmarket.co.kr/Item?goodscode=3160862057" tabindex="-1" aria-hidden="true"><span class="box__itemcard-img"><img class="image__itemcard no-js-400?ver=1725163453" src="data:image/gif;base64,R0lGODlhAQABAIAAAP///wAAACH5BAEAAAAALAAAAAABAAEAAAICRAEAOw==" alt="고대원시곡물 호라산밀 뻥 300g - 상품 이미지"/><noscript><style>.no-js-400?ver=1725163453 { display: none !important; }</style><img class="image__itemcard" src="https://gdimg.gmarket.co.kr/3160862057/still/400?ver=1725163453" alt="고대원시곡물 호라산밀 뻥 300g - 상품 이미지"/></noscript></span></a><div class="box__itemcard-info"><div class="box__element-info"><div class="element-info-qty"><button aria-describedby="itemCard_title_3160862057" class="sprite__smilefresh--before element-info-qty-minus" aria-disabled="true"><span class="for-a11y">상품 수 <!-- -->1<!-- --> 감소</span></button><span class="element-info-item-qty" aria-describedby="itemCard_title_3160862057"><span class="for-a11y">선택된 수량</span> <!-- -->1</span><button aria-describedby="itemCard_title_3160862057" class="sprite__smilefresh--before element-info-qty-plus"><span class="for-a11y">상품 수 <!-- -->1<!-- --> 증가</span></button></div><button type="button" class="sprite__smilefresh--before element-info-cart" aria-describedby="itemCard_title_3160862057"><span class="for-a11y">장바구니 담기</span></button></div><a href="https://item.gmarket.co.kr/Item?goodscode=3160862057" class="link__itemcard-info"><span class="box__itemcard-title-area" id="itemCard_title_3160862057"><span class="text__title" id="item_title">고대원시곡물 호라산밀 뻥 300g</span></span><span class="box__itemcard-price-area"><span class="box__price-seller"><span class="for-a11y">판매가</span><strong class="text__price-seller">4,180</strong><span class="text__unit">원</span></span><span class="box__prime-cost"><span class="for-a11y">원가</span><strong class="text__dc-rate">19<!-- -->%</strong><span class="text__prime-cost">5,180<span class="text__unit">원</span></span></span></span><span class="box__itemcard-info-score"><span class="sprite__smilefresh--before box__score-awards"><span class="for-a11y">평점</span><span class="text text__score">4.8</span><span class="for-a11y">후기</span><span class="text text__num">(7)</span><span class="for-a11y">건</span></span><span class="box__score-buycnt"><span class="text text__buy">구매</span><span class="text text__num">27</span><span class="for-a11y">건</span></span></span><span class="box__itemcard-benefit-tag"><span class="box__tag box__tag-coupon"><span class="sprite__smilefresh--before box__inner">15% 쿠폰</span></span></span></a><button type="button" class="sprite__smilefresh--after button__favorite-item" aria-describedby="itemCard_title_3160862057" aria-pressed="false" aria-label="관심상품 등록하기"></button></div></div></div></div></li></ul></div></div></div></div></div><div style="min-height:455px"></div><script src="https://script.gmarket.co.kr/mobile/js/common/kr/util/viewability.js"></script><script src="https://script.gmarket.co.kr/js/common/ats_gmkt.js"></script><script src="https://script.gmarket.co.kr/fnp/desktop-layout.js"></script></div><script id="__NEXT_DATA__" type="application/json">{"props":{"pageProps":{"serverData":{"user":{"isSmileClub":false,"hashedCguid":"MuRNNYHW7OuOgugtwPK0Jz7HajIwK5FDq7zFzNnlMPY="},"itemPage":{"error":false,"searchFilter":{"sortOrderby":0,"userAddressInfo":{"address":"로그인을 진행해 주세요","addressExposeType":"LoginRequired","nonDeliveryArea":false},"smileFreshDeliveryGuide":{"deliveryStoreType":"NoneDelivery"},"categories":[{"categoryNo":"100000000","categoryName":"정육/계란","categoryImageUrl":"https://image.gmarket.co.kr/hanbando/202209/2f7e5c38-9606-4f1a-912e-f969e22f430f.jpg","subCategories":[],"isNew":false},{"categoryNo":"100001005","categoryName":"과일","categoryImageUrl":"https://image.gmarket.co.kr/hanbando/202207/efc9fa9b-b4d8-4eb4-b44d-dc8a47a8c00a.jpg","subCategories":[],"isNew":false},{"categoryNo":"100001006","categoryName":"냉동/간편식","categoryImageUrl":"https://image.gmarket.co.kr/hanbando/202207/287cdcc7-47f4-4949-8cdf-2bfb4ff5522e.jpg","subCategories":[],"isNew":false},{"categoryNo":"100001007","categoryName":"쌀/잡곡","categoryImageUrl":"https://image.gmarket.co.kr/hanbando/202207/92c7e264-61a8-4e11-ab2b-d3ad8a7b3ab6.jpg","subCategories":[],"isNew":false},{"categoryNo":"100001008","categoryName":"채소/두부","categoryImageUrl":"https://image.gmarket.co.kr/hanbando/202209/eb8b0652-724b-465a-800a-49436a3f5435.jpg","subCategories":[],"isNew":false},{"categoryNo":"100001010","categoryName":"라면/즉석식품","categoryImageUrl":"https://image.gmarket.co.kr/hanbando/202207/9ac23369-57e8-4299-889a-4f5360cd3c28.jpg","subCategories":[],"isNew":false},{"categoryNo":"100001032","categoryName":"생수/음료","categoryImageUrl":"https://image.gmarket.co.kr/hanbando/202207/a28bdf02-b436-4466-88de-d8f11ca54296.jpg","subCategories":[],"isNew":false},{"categoryNo":"100001033","categoryName":"과자/아이스크림","categoryImageUrl":"https://image.gmarket.co.kr/hanbando/202207/fd43d2b2-4f77-4e2c-b5da-58d24b91d95b.jpg","subCategories":[],"isNew":false},{"categoryNo":"100001034","categoryName":"우유/유제품","categoryImageUrl":"https://image.gmarket.co.kr/hanbando/202207/f5f1f7ed-e6a5-4ecd-ac66-aa87756158c2.jpg","subCategories":[],"isNew":false},{"categoryNo":"100001035","categoryName":"장류/양념","categoryImageUrl":"https://image.gmarket.co.kr/hanbando/202207/089a0e40-92de-4a0e-a8cb-2a18f78c5691.jpg","subCategories":[],"isNew":false},{"categoryNo":"100001036","categoryName":"화장지/위생","categoryImageUrl":"https://image.gmarket.co.kr/hanbando/202207/a5b62bcd-46b5-4059-bb1b-e01878b77ef4.jpg","subCategories":[],"isNew":false},{"categoryNo":"100001037","categoryName":"커피/차","categoryImageUrl":"https://image.gmarket.co.kr/hanbando/202207/c5b6a09a-4955-4829-94d6-c62f818f2f34.jpg","subCategories":[],"isNew":false},{"categoryNo":"100001038","categoryName":"수산물","categoryImageUrl":"https://image.gmarket.co.kr/hanbando/202207/23143aa7-715d-4778-8b1e-ab87422a8d3a.jpg","subCategories":[],"isNew":false},{"categoryNo":"100001039","categoryName":"밀키트/반찬","categoryImageUrl":"https://image.gmarket.co.kr/hanbando/202207/85d41348-f077-4b90-b0ff-3599d16216b2.jpg","subCategories":[],"isNew":false},{"categoryNo":"100002000","categoryName":"베이커리/잼","categoryImageUrl":"https://image.gmarket.co.kr/hanbando/202208/ea1ecb73-6a2c-45f7-8a89-2e130b634a99.jpg","subCategories":[],"isNew":false},{"categoryNo":"100002001","categoryName":"건강식품","categoryImageUrl":"https://image.gmarket.co.kr/hanbando/202208/7088de74-301b-48ef-911c-f33ed6a22f9b.jpg","subCategories":[],"isNew":false},{"categoryNo":"100002002","categoryName":"세탁/청소/욕실용품","categoryImageUrl":"https://image.gmarket.co.kr/hanbando/202208/39888525-4f61-453f-865c-83b6ca536b58.jpg","subCategories":[],"isNew":false},{"categoryNo":"100002003","categoryName":"리빙","categoryImageUrl":"https://image.gmarket.co.kr/hanbando/202208/a9484e1d-492e-4ab4-84db-1a387177dcbf.jpg","subCategories":[],"isNew":false},{"categoryNo":"100002004","categoryName":"주방/일회용품","categoryImageUrl":"https://image.gmarket.co.kr/hanbando/202208/e0d7614a-763e-4d90-b696-b20c76e890ca.jpg","subCategories":[],"isNew":false},{"categoryNo":"100002005","categoryName":"생활잡화/공구","categoryImageUrl":"https://image.gmarket.co.kr/hanbando/202208/231a3b36-5d05-467d-a33a-8651b9cf19c6.jpg","subCategories":[],"isNew":false},{"categoryNo":"100002006","categoryName":"반려동물","categoryImageUrl":"https://image.gmarket.co.kr/hanbando/202208/692a0b18-2063-4f86-a0af-3f7bbee09696.jpg","subCategories":[],"isNew":false},{"categoryNo":"100002007","categoryName":"뷰티","categoryImageUrl":"https://image.gmarket.co.kr/hanbando/202208/ba755a2e-4a11-472c-92f0-6b82f671b1f8.jpg","subCategories":[],"isNew":false},{"categoryNo":"100002008","categoryName":"유아동/출산/완구","categoryImageUrl":"https://image.gmarket.co.kr/hanbando/202208/fd6fb0fe-4f81-48ea-bec2-5cc37db6fa18.jpg","subCategories":[],"isNew":false},{"categoryNo":"100002009","categoryName":"패션/언더웨어","categoryImageUrl":"https://image.gmarket.co.kr/hanbando/202208/315ccf35-b333-4017-b664-ccb1ba966ef0.jpg","subCategories":[],"isNew":false},{"categoryNo":"100002010","categoryName":"잡화/슈즈/명품","categoryImageUrl":"https://image.gmarket.co.kr/hanbando/202208/30fc0d1d-ea15-4e02-8f50-f144d06423ca.jpg","subCategories":[],"isNew":false},{"categoryNo":"100002011","categoryName":"스포츠/레저/자동차","categoryImageUrl":"https://image.gmarket.co.kr/hanbando/202208/fa99b668-5f13-496e-a62d-dce329ead7cc.jpg","subCategories":[],"isNew":false},{"categoryNo":"100002012","categoryName":"디지털/가전","categoryImageUrl":"https://image.gmarket.co.kr/hanbando/202208/f38a6d26-1cc0-4b33-bf23-f933c2190252.jpg","subCategories":[],"isNew":false},{"categoryNo":"100002013","categoryName":"문구/취미/도서","categoryImageUrl":"https://image.gmarket.co.kr/hanbando/202208/edd14751-f54a-48ff-ae9a-15a33b10c06c.jpg","subCategories":[],"isNew":false}],"sdBrands":[],"sortOptions":["Popularity","PriceAsc","PriceDesc","NewItemDesc","ReviewCountDesc","HomeShoppingRank"],"promotionGroups":[],"promotions":[],"discountBenefits":[],"isBigSmileFilterAvailable":false,"isFilterDisabled":false},"searchContent":{"sortOrderby":0,"pageNo":1,"pageSize":100,"totalResultCount":100,"banners":[],"bannerCount":0,"itemCount":100,"items":[{"itemNo":"3714977969","itemName":"특가 이맛쌀 20kg","itemUrl":"https://item.gmarket.co.kr/Item?goodscode=3714977969","imageUrl":"//gdimg.gmarket.co.kr/3714977969/still/400?ver=1725238824","itemPrice":42680,"buyCount":24135,"reviewPoint":{"starPoint":4.77,"reviewCount":9157},"isBigSmileItem":false,"isSoldOut":false,"couponDiscount":{"discountType":"R","discountPrice":"0","discountRate":"15"},"cardDiscount":{"discountRate":0},"sellerInfo":{"sellCustNo":"155104283","sellLoginId":"emartmall2","nickname":"이마트몰쓱배송","isLmoOfficialSeller":false,"isFashionSquareSeller":false,"isBrandOfficialSeller":false},"hasOption":false,"isAdult":false,"isCartVisible":true,"discountRate":8,"sellPrice":46900,"tagLabels":[{"code":0,"text":"1"}],"buyUnitCount":1,"deliveryCode":"M","rank":1,"lcode":"100000020","mcode":"200002848","scode":"300029019"},{"itemNo":"3805386240","itemName":"특가 이맛쌀 10kg","itemUrl":"https://item.gmarket.co.kr/Item?goodscode=3805386240","imageUrl":"//gdimg.gmarket.co.kr/3805386240/still/400?ver=1725238823","itemPrice":22910,"buyCount":6280,"reviewPoint":{"starPoint":4.77,"reviewCount":2655},"isBigSmileItem":false,"isSoldOut":false,"couponDiscount":{"discountType":"R","discountPrice":"0","discountRate":"15"},"cardDiscount":{"discountRate":0},"sellerInfo":{"sellCustNo":"155104283","sellLoginId":"emartmall2","nickname":"이마트몰쓱배송","isLmoOfficialSeller":false,"isFashionSquareSeller":false,"isBrandOfficialSeller":false},"hasOption":false,"isAdult":false,"isCartVisible":true,"discountRate":7,"sellPrice":24900,"tagLabels":[{"code":0,"text":"2"}],"buyUnitCount":1,"deliveryCode":"M","rank":2,"lcode":"100000020","mcode":"200002848","scode":"300029019"},{"itemNo":"3614618425","itemName":"이맛쌀 20kg","itemUrl":"https://item.gmarket.co.kr/Item?goodscode=3614618425","imageUrl":"//gdimg.gmarket.co.kr/3614618425/still/400?ver=1725139469","itemPrice":42680,"buyCount":5392,"reviewPoint":{"starPoint":4.79,"reviewCount":1930},"isBigSmileItem":false,"isSoldOut":false,"couponDiscount":{"discountType":"R","discountPrice":"0","discountRate":"15"},"cardDiscount":{"discountRate":0},"sellerInfo":{"sellCustNo":"155104283","sellLoginId":"emartmall2","nickname":"이마트몰쓱배송","isLmoOfficialSeller":false,"isFashionSquareSeller":false,"isBrandOfficialSeller":false},"hasOption":false,"isAdult":false,"isCartVisible":true,"discountRate":8,"sellPrice":46900,"tagLabels":[{"code":0,"text":"3"}],"buyUnitCount":1,"deliveryCode":"M","unitPrice":{"unit":100,"unitName":"g","price":213},"rank":3,"lcode":"100000020","mcode":"200002848","scode":"300029019"},{"itemNo":"2517911562","itemName":"한눈에 반한 쌀 10kg","itemUrl":"https://item.gmarket.co.kr/Item?goodscode=2517911562","imageUrl":"//gdimg.gmarket.co.kr/2517911562/still/400?ver=1725088536","itemPrice":39900,"buyCount":5790,"reviewPoint":{"starPoint":4.8,"reviewCount":1315},"isBigSmileItem":false,"isSoldOut":false,"couponDiscount":{"discountType":"R","discountPrice":"0","discountRate":"15"},"cardDiscount":{"discountRate":0},"sellerInfo":{"sellCustNo":"155104283","sellLoginId":"emartmall2","nickname":"이마트몰쓱배송","isLmoOfficialSeller":false,"isFashionSquareSeller":false,"isBrandOfficialSeller":false},"hasOption":false,"isAdult":false,"isCartVisible":true,"discountRate":0,"sellPrice":39900,"tagLabels":[{"code":0,"text":"4"}],"buyUnitCount":1,"deliveryCode":"M","unitPrice":{"unit":100,"unitName":"g","price":399},"rank":4,"lcode":"100000020","mcode":"200002848","scode":"300029019"},{"itemNo":"2640066685","itemName":"이맛쌀 현미5kg","itemUrl":"https://item.gmarket.co.kr/Item?goodscode=2640066685","imageUrl":"//gdimg.gmarket.co.kr/2640066685/still/400?ver=1725125981","itemPrice":12900,"buyCount":11873,"reviewPoint":{"starPoint":4.75,"reviewCount":5348},"isBigSmileItem":false,"isSoldOut":false,"couponDiscount":{"discountType":"R","discountPrice":"0","discountRate":"15"},"cardDiscount":{"discountRate":0},"sellerInfo":{"sellCustNo":"155104283","sellLoginId":"emartmall2","nickname":"이마트몰쓱배송","isLmoOfficialSeller":false,"isFashionSquareSeller":false,"isBrandOfficialSeller":false},"hasOption":false,"isAdult":false,"isCartVisible":true,"discountRate":0,"sellPrice":12900,"tagLabels":[{"code":0,"text":"5"}],"buyUnitCount":1,"deliveryCode":"M","unitPrice":{"unit":100,"unitName":"g","price":258},"rank":5,"lcode":"100000020","mcode":"200002848","scode":"300027787"},{"itemNo":"2518517109","itemName":"2023년산파주 참드림쌀 10kg","itemUrl":"https://item.gmarket.co.kr/Item?goodscode=2518517109","imageUrl":"//gdimg.gmarket.co.kr/2518517109/still/400?ver=1725107248","itemPrice":34900,"buyCount":8648,"reviewPoint":{"starPoint":4.77,"reviewCount":3014},"isBigSmileItem":false,"isSoldOut":false,"couponDiscount":{"discountType":"R","discountPrice":"0","discountRate":"15"},"cardDiscount":{"discountRate":0},"sellerInfo":{"sellCustNo":"155104283","sellLoginId":"emartmall2","nickname":"이마트몰쓱배송","isLmoOfficialSeller":false,"isFashionSquareSeller":false,"isBrandOfficialSeller":false},"hasOption":false,"isAdult":false,"isCartVisible":true,"discountRate":0,"sellPrice":34900,"tagLabels":[{"code":0,"text":"6"}],"buyUnitCount":1,"deliveryCode":"M","rank":6,"lcode":"100000020","mcode":"200002848","scode":"300029019"},{"itemNo":"2522868688","itemName":"노브랜드 혼합 9곡 4kg","itemUrl":"https://item.gmarket.co.kr/Item?goodscode=2522868688","imageUrl":"//gdimg.gmarket.co.kr/2522868688/still/400?ver=1725100027","itemPrice":9980,"buyCount":6882,"reviewPoint":{"starPoint":4.76,"reviewCount":2590},"isBigSmileItem":false,"isSoldOut":false,"cardDiscount":{"discountRate":0},"sellerInfo":{"sellCustNo":"155104283","sellLoginId":"emartmall2","nickname":"이마트몰쓱배송","isLmoOfficialSeller":false,"isFashionSquareSeller":false,"isBrandOfficialSeller":false},"hasOption":false,"isAdult":false,"isCartVisible":true,"discountRate":0,"sellPrice":9980,"tagLabels":[{"code":0,"text":"7"}],"buyUnitCount":1,"deliveryCode":"M","rank":7,"lcode":"100000020","mcode":"200001689","scode":"300008391"},{"itemNo":"2519520623","itemName":"밥맛좋은 경기미(추청) 10kg","itemUrl":"https://item.gmarket.co.kr/Item?goodscode=2519520623","imageUrl":"//gdimg.gmarket.co.kr/2519520623/still/400?ver=1725510983","itemPrice":29900,"buyCount":2129,"reviewPoint":{"starPoint":4.71,"reviewCount":1002},"isBigSmileItem":false,"isSoldOut":false,"couponDiscount":{"discountType":"R","discountPrice":"0","discountRate":"15"},"cardDiscount":{"discountRate":0},"sellerInfo":{"sellCustNo":"155104283","sellLoginId":"emartmall2","nickname":"이마트몰쓱배송","isLmoOfficialSeller":false,"isFashionSquareSeller":false,"isBrandOfficialSeller":false},"hasOption":false,"isAdult":false,"isCartVisible":true,"discountRate":18,"sellPrice":36900,"tagLabels":[{"code":0,"text":"8"}],"buyUnitCount":1,"deliveryCode":"M","rank":8,"lcode":"100000020","mcode":"200002848","scode":"300029019"},{"itemNo":"2518541453","itemName":"국산의힘 귀리쌀1.7kg","itemUrl":"https://item.gmarket.co.kr/Item?goodscode=2518541453","imageUrl":"//gdimg.gmarket.co.kr/2518541453/still/400?ver=1725087991","itemPrice":11480,"buyCount":2017,"reviewPoint":{"starPoint":4.75,"reviewCount":729},"isBigSmileItem":false,"isSoldOut":false,"couponDiscount":{"discountType":"R","discountPrice":"0","discountRate":"15"},"cardDiscount":{"discountRate":0},"sellerInfo":{"sellCustNo":"155104283","sellLoginId":"emartmall2","nickname":"이마트몰쓱배송","isLmoOfficialSeller":false,"isFashionSquareSeller":false,"isBrandOfficialSeller":false},"hasOption":false,"isAdult":false,"isCartVisible":true,"discountRate":0,"sellPrice":11480,"tagLabels":[{"code":0,"text":"9"}],"buyUnitCount":1,"deliveryCode":"M","rank":9,"lcode":"100000020","mcode":"200001689","scode":"300029020"},{"itemNo":"2523315222","itemName":"강화섬쌀 고시히카리 4kg","itemUrl":"https://item.gmarket.co.kr/Item?goodscode=2523315222","imageUrl":"//gdimg.gmarket.co.kr/2523315222/still/400?ver=1725115313","sdBrandName":"강화섬쌀","itemPrice":18800,"buyCount":2092,"reviewPoint":{"starPoint":4.79,"reviewCount":769},"isBigSmileItem":false,"isSoldOut":false,"couponDiscount":{"discountType":"R","discountPrice":"0","discountRate":"15"},"cardDiscount":{"discountRate":0},"sellerInfo":{"sellCustNo":"155104283","sellLoginId":"emartmall2","nickname":"이마트몰쓱배송","isLmoOfficialSeller":false,"isFashionSquareSeller":false,"isBrandOfficialSeller":false},"hasOption":false,"isAdult":false,"isCartVisible":true,"discountRate":0,"sellPrice":18800,"tagLabels":[{"code":0,"text":"10"}],"buyUnitCount":1,"deliveryCode":"M","unitPrice":{"unit":100,"unitName":"g","price":470},"rank":10,"lcode":"100000020","mcode":"200002848","scode":"300029019"},{"itemNo":"2522646801","itemName":"찹쌀 4kg","itemUrl":"https://item.gmarket.co.kr/Item?goodscode=2522646801","imageUrl":"//gdimg.gmarket.co.kr/2522646801/still/400?ver=1725103032","sdBrandName":"두보식품","itemPrice":15800,"buyCount":8814,"reviewPoint":{"starPoint":4.75,"reviewCount":3529},"isBigSmileItem":false,"isSoldOut":false,"couponDiscount":{"discountType":"R","discountPrice":"0","discountRate":"15"},"cardDiscount":{"discountRate":0},"sellerInfo":{"sellCustNo":"155104283","sellLoginId":"emartmall2","nickname":"이마트몰쓱배송","isLmoOfficialSeller":false,"isFashionSquareSeller":false,"isBrandOfficialSeller":false},"hasOption":false,"isAdult":false,"isCartVisible":true,"discountRate":0,"sellPrice":15800,"tagLabels":[{"code":0,"text":"11"}],"buyUnitCount":1,"deliveryCode":"M","unitPrice":{"unit":100,"unitName":"g","price":395},"rank":11,"lcode":"100000020","mcode":"200002848","scode":"300011454"},{"itemNo":"2523194872","itemName":"자연주의 무농약 발아현미 2kg","itemUrl":"https://item.gmarket.co.kr/Item?goodscode=2523194872","imageUrl":"//gdimg.gmarket.co.kr/2523194872/still/400?ver=1725116069","itemPrice":13900,"buyCount":323,"reviewPoint":{"starPoint":4.8,"reviewCount":108},"isBigSmileItem":false,"isSoldOut":false,"couponDiscount":{"discountType":"R","discountPrice":"0","discountRate":"15"},"cardDiscount":{"discountRate":0},"sellerInfo":{"sellCustNo":"155104283","sellLoginId":"emartmall2","nickname":"이마트몰쓱배송","isLmoOfficialSeller":false,"isFashionSquareSeller":false,"isBrandOfficialSeller":false},"hasOption":false,"isAdult":false,"isCartVisible":true,"discountRate":26,"sellPrice":18900,"tagLabels":[{"code":0,"text":"12"}],"buyUnitCount":1,"deliveryCode":"M","unitPrice":{"unit":100,"unitName":"g","price":695},"rank":12,"lcode":"100000020","mcode":"200002848","scode":"300029018"},{"itemNo":"2522647033","itemName":"찰보리쌀 4kg","itemUrl":"https://item.gmarket.co.kr/Item?goodscode=2522647033","imageUrl":"//gdimg.gmarket.co.kr/2522647033/still/400?ver=1725104235","itemPrice":18780,"buyCount":1930,"reviewPoint":{"starPoint":4.74,"reviewCount":767},"isBigSmileItem":false,"isSoldOut":false,"couponDiscount":{"discountType":"R","discountPrice":"0","discountRate":"15"},"cardDiscount":{"discountRate":0},"sellerInfo":{"sellCustNo":"155104283","sellLoginId":"emartmall2","nickname":"이마트몰쓱배송","isLmoOfficialSeller":false,"isFashionSquareSeller":false,"isBrandOfficialSeller":false},"hasOption":false,"isAdult":false,"isCartVisible":true,"discountRate":0,"sellPrice":18780,"tagLabels":[{"code":0,"text":"13"}],"buyUnitCount":1,"deliveryCode":"M","rank":13,"lcode":"100000020","mcode":"200001689","scode":"300029022"},{"itemNo":"2518707302","itemName":"불릴필요없는 찰현미2kg","itemUrl":"https://item.gmarket.co.kr/Item?goodscode=2518707302","imageUrl":"//gdimg.gmarket.co.kr/2518707302/still/400?ver=1725091658","itemPrice":10480,"buyCount":993,"reviewPoint":{"starPoint":4.78,"reviewCount":288},"isBigSmileItem":false,"isSoldOut":false,"couponDiscount":{"discountType":"R","discountPrice":"0","discountRate":"15"},"cardDiscount":{"discountRate":0},"sellerInfo":{"sellCustNo":"155104283","sellLoginId":"emartmall2","nickname":"이마트몰쓱배송","isLmoOfficialSeller":false,"isFashionSquareSeller":false,"isBrandOfficialSeller":false},"hasOption":false,"isAdult":false,"isCartVisible":true,"discountRate":0,"sellPrice":10480,"tagLabels":[{"code":0,"text":"14"}],"buyUnitCount":1,"deliveryCode":"M","rank":14,"lcode":"100000020","mcode":"200002848","scode":"300027787"},{"itemNo":"2519341699","itemName":"바른고을 의성진쌀 10kg","itemUrl":"https://item.gmarket.co.kr/Item?goodscode=2519341699","imageUrl":"//gdimg.gmarket.co.kr/2519341699/still/400?ver=1725100589","sdBrandName":"바른고을","itemPrice":36600,"buyCount":2739,"reviewPoint":{"starPoint":4.72,"reviewCount":966},"isBigSmileItem":false,"isSoldOut":false,"couponDiscount":{"discountType":"R","discountPrice":"0","discountRate":"15"},"cardDiscount":{"discountRate":0},"sellerInfo":{"sellCustNo":"155104283","sellLoginId":"emartmall2","nickname":"이마트몰쓱배송","isLmoOfficialSeller":false,"isFashionSquareSeller":false,"isBrandOfficialSeller":false},"hasOption":false,"isAdult":false,"isCartVisible":true,"discountRate":0,"sellPrice":36600,"tagLabels":[{"code":0,"text":"15"}],"buyUnitCount":1,"deliveryCode":"M","unitPrice":{"unit":100,"unitName":"g","price":366},"rank":15,"lcode":"100000020","mcode":"200002848","scode":"300029019"},{"itemNo":"2518450903","itemName":"경천 시골 볶음깨 500g","itemUrl":"https://item.gmarket.co.kr/Item?goodscode=2518450903","imageUrl":"//gdimg.gmarket.co.kr/2518450903/still/400?ver=1725092719","itemPrice":6180,"buyCount":4096,"reviewPoint":{"starPoint":4.73,"reviewCount":1843},"isBigSmileItem":false,"isSoldOut":false,"couponDiscount":{"discountType":"R","discountPrice":"0","discountRate":"15"},"cardDiscount":{"discountRate":0},"sellerInfo":{"sellCustNo":"155104283","sellLoginId":"emartmall2","nickname":"이마트몰쓱배송","isLmoOfficialSeller":false,"isFashionSquareSeller":false,"isBrandOfficialSeller":false},"hasOption":false,"isAdult":false,"isCartVisible":true,"discountRate":0,"sellPrice":6180,"tagLabels":[{"code":0,"text":"16"}],"buyUnitCount":1,"deliveryCode":"M","rank":16,"lcode":"100000020","mcode":"200001689","scode":"300018808"},{"itemNo":"2518451395","itemName":"경천 시골 볶음깨 1kg","itemUrl":"https://item.gmarket.co.kr/Item?goodscode=2518451395","imageUrl":"//gdimg.gmarket.co.kr/2518451395/still/400?ver=1725092609","itemPrice":11800,"buyCount":1595,"reviewPoint":{"starPoint":4.74,"reviewCount":1027},"isBigSmileItem":false,"isSoldOut":false,"couponDiscount":{"discountType":"R","discountPrice":"0","discountRate":"15"},"cardDiscount":{"discountRate":0},"sellerInfo":{"sellCustNo":"155104283","sellLoginId":"emartmall2","nickname":"이마트몰쓱배송","isLmoOfficialSeller":false,"isFashionSquareSeller":false,"isBrandOfficialSeller":false},"hasOption":false,"isAdult":false,"isCartVisible":true,"discountRate":0,"sellPrice":11800,"tagLabels":[{"code":0,"text":"17"}],"buyUnitCount":1,"deliveryCode":"M","rank":17,"lcode":"100000020","mcode":"200001689","scode":"300018808"},{"itemNo":"2519585246","itemName":"96시간 숙성하여 맛이 깊고 부드러운 찰흑미1kg","itemUrl":"https://item.gmarket.co.kr/Item?goodscode=2519585246","imageUrl":"//gdimg.gmarket.co.kr/2519585246/still/400?ver=1725100438","itemPrice":6780,"buyCount":2665,"reviewPoint":{"starPoint":4.79,"reviewCount":993},"isBigSmileItem":false,"isSoldOut":false,"couponDiscount":{"discountType":"R","discountPrice":"0","discountRate":"15"},"cardDiscount":{"discountRate":0},"sellerInfo":{"sellCustNo":"155104283","sellLoginId":"emartmall2","nickname":"이마트몰쓱배송","isLmoOfficialSeller":false,"isFashionSquareSeller":false,"isBrandOfficialSeller":false},"hasOption":false,"isAdult":false,"isCartVisible":true,"discountRate":0,"sellPrice":6780,"tagLabels":[{"code":0,"text":"18"}],"buyUnitCount":1,"deliveryCode":"M","unitPrice":{"unit":100,"unitName":"g","price":678},"rank":18,"lcode":"100000020","mcode":"200002848","scode":"300018807"},{"itemNo":"2522645856","itemName":"찰현미4kg","itemUrl":"https://item.gmarket.co.kr/Item?goodscode=2522645856","imageUrl":"//gdimg.gmarket.co.kr/2522645856/still/400?ver=1725103383","itemPrice":15600,"buyCount":3625,"reviewPoint":{"starPoint":4.71,"reviewCount":1298},"isBigSmileItem":false,"isSoldOut":false,"couponDiscount":{"discountType":"R","discountPrice":"0","discountRate":"15"},"cardDiscount":{"discountRate":0},"sellerInfo":{"sellCustNo":"155104283","sellLoginId":"emartmall2","nickname":"이마트몰쓱배송","isLmoOfficialSeller":false,"isFashionSquareSeller":false,"isBrandOfficialSeller":false},"hasOption":false,"isAdult":false,"isCartVisible":true,"discountRate":0,"sellPrice":15600,"tagLabels":[{"code":0,"text":"19"}],"buyUnitCount":1,"deliveryCode":"M","unitPrice":{"unit":100,"unitName":"g","price":390},"rank":19,"lcode":"100000020","mcode":"200002848","scode":"300027787"},{"itemNo":"3251333347","itemName":"서리태 1kg","itemUrl":"https://item.gmarket.co.kr/Item?goodscode=3251333347","imageUrl":"//gdimg.gmarket.co.kr/3251333347/still/400?ver=1725134068","itemPrice":13500,"buyCount":742,"reviewPoint":{"starPoint":4.67,"reviewCount":382},"isBigSmileItem":false,"isSoldOut":false,"couponDiscount":{"discountType":"R","discountPrice":"0","discountRate":"15"},"cardDiscount":{"discountRate":0},"sellerInfo":{"sellCustNo":"155104283","sellLoginId":"emartmall2","nickname":"이마트몰쓱배송","isLmoOfficialSeller":false,"isFashionSquareSeller":false,"isBrandOfficialSeller":false},"hasOption":false,"isAdult":false,"isCartVisible":true,"discountRate":0,"sellPrice":13500,"tagLabels":[{"code":0,"text":"20"}],"buyUnitCount":1,"deliveryCode":"M","rank":20,"lcode":"100000020","mcode":"200001689","scode":"300008390"},{"itemNo":"2522146908","itemName":"특가 대왕님표 여주 자채쌀 4kg","itemUrl":"https://item.gmarket.co.kr/Item?goodscode=2522146908","imageUrl":"//gdimg.gmarket.co.kr/2522146908/still/400?ver=1725159855","itemPrice":14900,"buyCount":401,"reviewPoint":{"starPoint":4.55,"reviewCount":124},"isBigSmileItem":false,"isSoldOut":false,"couponDiscount":{"discountType":"R","discountPrice":"0","discountRate":"15"},"cardDiscount":{"discountRate":0},"sellerInfo":{"sellCustNo":"155104283","sellLoginId":"emartmall2","nickname":"이마트몰쓱배송","isLmoOfficialSeller":false,"isFashionSquareSeller":false,"isBrandOfficialSeller":false},"hasOption":false,"isAdult":false,"isCartVisible":true,"discountRate":0,"sellPrice":14900,"tagLabels":[{"code":0,"text":"21"}],"buyUnitCount":1,"deliveryCode":"M","rank":21,"lcode":"100000020","mcode":"200002848","scode":"300029019"},{"itemNo":"2522199092","itemName":"오색오미 2kg","itemUrl":"https://item.gmarket.co.kr/Item?goodscode=2522199092","imageUrl":"//gdimg.gmarket.co.kr/2522199092/still/400?ver=1725100670","itemPrice":14500,"buyCount":947,"reviewPoint":{"starPoint":4.69,"reviewCount":324},"isBigSmileItem":false,"isSoldOut":false,"couponDiscount":{"discountType":"R","discountPrice":"0","discountRate":"15"},"cardDiscount":{"discountRate":0},"sellerInfo":{"sellCustNo":"155104283","sellLoginId":"emartmall2","nickname":"이마트몰쓱배송","isLmoOfficialSeller":false,"isFashionSquareSeller":false,"isBrandOfficialSeller":false},"hasOption":false,"isAdult":false,"isCartVisible":true,"discountRate":0,"sellPrice":14500,"tagLabels":[{"code":0,"text":"22"}],"buyUnitCount":1,"deliveryCode":"M","rank":22,"lcode":"100000020","mcode":"200001689","scode":"300008391"},{"itemNo":"2522879904","itemName":"피코크 국산 통참깨 240g","itemUrl":"https://item.gmarket.co.kr/Item?goodscode=2522879904","imageUrl":"//gdimg.gmarket.co.kr/2522879904/still/400?ver=1725099945","itemPrice":18800,"buyCount":312,"reviewPoint":{"starPoint":4.78,"reviewCount":100},"isBigSmileItem":false,"isSoldOut":false,"couponDiscount":{"discountType":"R","discountPrice":"0","discountRate":"15"},"cardDiscount":{"discountRate":0},"sellerInfo":{"sellCustNo":"155104283","sellLoginId":"emartmall2","nickname":"이마트몰쓱배송","isLmoOfficialSeller":false,"isFashionSquareSeller":false,"isBrandOfficialSeller":false},"hasOption":false,"isAdult":false,"isCartVisible":true,"discountRate":0,"sellPrice":18800,"tagLabels":[{"code":0,"text":"23"}],"buyUnitCount":1,"deliveryCode":"M","rank":23,"lcode":"100000020","mcode":"200001689","scode":"300018808"},{"itemNo":"2522647881","itemName":"병아리콩 500g","itemUrl":"https://item.gmarket.co.kr/Item?goodscode=2522647881","imageUrl":"//gdimg.gmarket.co.kr/2522647881/still/400?ver=1725103299","itemPrice":3080,"buyCount":1912,"reviewPoint":{"starPoint":4.69,"reviewCount":608},"isBigSmileItem":false,"isSoldOut":false,"couponDiscount":{"discountType":"R","discountPrice":"0","discountRate":"15"},"cardDiscount":{"discountRate":0},"sellerInfo":{"sellCustNo":"155104283","sellLoginId":"emartmall2","nickname":"이마트몰쓱배송","isLmoOfficialSeller":false,"isFashionSquareSeller":false,"isBrandOfficialSeller":false},"hasOption":false,"isAdult":false,"isCartVisible":true,"discountRate":0,"sellPrice":3080,"tagLabels":[{"code":0,"text":"24"}],"buyUnitCount":1,"deliveryCode":"M","rank":24,"lcode":"100000020","mcode":"200001689","scode":"300029021"},{"itemNo":"2518707082","itemName":"배대감 국산 통들깨 가루 200g","itemUrl":"https://item.gmarket.co.kr/Item?goodscode=2518707082","imageUrl":"//gdimg.gmarket.co.kr/2518707082/still/400?ver=1725092270","itemPrice":11500,"buyCount":1108,"reviewPoint":{"starPoint":4.69,"reviewCount":453},"isBigSmileItem":false,"isSoldOut":false,"couponDiscount":{"discountType":"R","discountPrice":"0","discountRate":"15"},"cardDiscount":{"discountRate":0},"sellerInfo":{"sellCustNo":"155104283","sellLoginId":"emartmall2","nickname":"이마트몰쓱배송","isLmoOfficialSeller":false,"isFashionSquareSeller":false,"isBrandOfficialSeller":false},"hasOption":false,"isAdult":false,"isCartVisible":true,"discountRate":0,"sellPrice":11500,"tagLabels":[{"code":0,"text":"25"}],"buyUnitCount":1,"deliveryCode":"M","rank":25,"lcode":"100000036","mcode":"200002367","scode":"300028698"},{"itemNo":"2522466727","itemName":"노브랜드 볶음참깨 200g","itemUrl":"https://item.gmarket.co.kr/Item?goodscode=2522466727","imageUrl":"//gdimg.gmarket.co.kr/2522466727/still/400?ver=1725102132","itemPrice":3580,"buyCount":4000,"reviewPoint":{"starPoint":4.76,"reviewCount":1527},"isBigSmileItem":false,"isSoldOut":false,"cardDiscount":{"discountRate":0},"sellerInfo":{"sellCustNo":"155104283","sellLoginId":"emartmall2","nickname":"이마트몰쓱배송","isLmoOfficialSeller":false,"isFashionSquareSeller":false,"isBrandOfficialSeller":false},"hasOption":false,"isAdult":false,"isCartVisible":true,"discountRate":0,"sellPrice":3580,"tagLabels":[{"code":0,"text":"26"}],"buyUnitCount":1,"deliveryCode":"M","rank":26,"lcode":"100000020","mcode":"200001689","scode":"300018808"},{"itemNo":"2518533374","itemName":"김천 금물쌀 10kg","itemUrl":"https://item.gmarket.co.kr/Item?goodscode=2518533374","imageUrl":"//gdimg.gmarket.co.kr/2518533374/still/400?ver=1725088099","itemPrice":33500,"buyCount":186,"reviewPoint":{"starPoint":4.76,"reviewCount":73},"isBigSmileItem":false,"isSoldOut":false,"couponDiscount":{"discountType":"R","discountPrice":"0","discountRate":"15"},"cardDiscount":{"discountRate":0},"sellerInfo":{"sellCustNo":"155104283","sellLoginId":"emartmall2","nickname":"이마트몰쓱배송","isLmoOfficialSeller":false,"isFashionSquareSeller":false,"isBrandOfficialSeller":false},"hasOption":false,"isAdult":false,"isCartVisible":true,"discountRate":0,"sellPrice":33500,"tagLabels":[{"code":0,"text":"27"}],"buyUnitCount":1,"deliveryCode":"M","unitPrice":{"unit":100,"unitName":"g","price":335},"rank":27,"lcode":"100000020","mcode":"200002848","scode":"300029019"},{"itemNo":"2518629492","itemName":"카무트 500g","itemUrl":"https://item.gmarket.co.kr/Item?goodscode=2518629492","imageUrl":"//gdimg.gmarket.co.kr/2518629492/still/400?ver=1725109408","itemPrice":7880,"buyCount":1578,"reviewPoint":{"starPoint":4.68,"reviewCount":446},"isBigSmileItem":false,"isSoldOut":false,"couponDiscount":{"discountType":"R","discountPrice":"0","discountRate":"15"},"cardDiscount":{"discountRate":0},"sellerInfo":{"sellCustNo":"155104283","sellLoginId":"emartmall2","nickname":"이마트몰쓱배송","isLmoOfficialSeller":false,"isFashionSquareSeller":false,"isBrandOfficialSeller":false},"hasOption":false,"isAdult":false,"isCartVisible":true,"discountRate":0,"sellPrice":7880,"tagLabels":[{"code":0,"text":"28"}],"buyUnitCount":1,"deliveryCode":"M","rank":28,"lcode":"100000020","mcode":"200001689","scode":"300029021"},{"itemNo":"2522780137","itemName":"14곡 미숫가루 1.3kg","itemUrl":"https://item.gmarket.co.kr/Item?goodscode=2522780137","imageUrl":"//gdimg.gmarket.co.kr/2522780137/still/400?ver=1725105816","itemPrice":10480,"buyCount":317,"reviewPoint":{"starPoint":4.75,"reviewCount":173},"isBigSmileItem":false,"isSoldOut":false,"couponDiscount":{"discountType":"R","discountPrice":"0","discountRate":"15"},"cardDiscount":{"discountRate":0},"sellerInfo":{"sellCustNo":"155104283","sellLoginId":"emartmall2","nickname":"이마트몰쓱배송","isLmoOfficialSeller":false,"isFashionSquareSeller":false,"isBrandOfficialSeller":false},"hasOption":false,"isAdult":false,"isCartVisible":true,"discountRate":0,"sellPrice":10480,"tagLabels":[{"code":0,"text":"29"}],"buyUnitCount":1,"deliveryCode":"M","rank":29,"lcode":"100000020","mcode":"200001689","scode":"300029021"},{"itemNo":"3737085835","itemName":"이맛쌀 4kg","itemUrl":"https://item.gmarket.co.kr/Item?goodscode=3737085835","imageUrl":"//gdimg.gmarket.co.kr/3737085835/still/400?ver=1725142929","itemPrice":13900,"buyCount":230,"reviewPoint":{"starPoint":4.67,"reviewCount":102},"isBigSmileItem":false,"isSoldOut":false,"couponDiscount":{"discountType":"R","discountPrice":"0","discountRate":"15"},"cardDiscount":{"discountRate":0},"sellerInfo":{"sellCustNo":"155104283","sellLoginId":"emartmall2","nickname":"이마트몰쓱배송","isLmoOfficialSeller":false,"isFashionSquareSeller":false,"isBrandOfficialSeller":false},"hasOption":false,"isAdult":false,"isCartVisible":true,"discountRate":0,"sellPrice":13900,"tagLabels":[{"code":0,"text":"30"}],"buyUnitCount":1,"deliveryCode":"M","rank":30,"lcode":"100000020","mcode":"200002848","scode":"300029019"},{"itemNo":"2522271504","itemName":"동진 찹쌀 2kg","itemUrl":"https://item.gmarket.co.kr/Item?goodscode=2522271504","imageUrl":"//gdimg.gmarket.co.kr/2522271504/still/400?ver=1725101132","itemPrice":11300,"buyCount":1102,"reviewPoint":{"starPoint":4.75,"reviewCount":472},"isBigSmileItem":false,"isSoldOut":false,"couponDiscount":{"discountType":"R","discountPrice":"0","discountRate":"15"},"cardDiscount":{"discountRate":0},"sellerInfo":{"sellCustNo":"155104283","sellLoginId":"emartmall2","nickname":"이마트몰쓱배송","isLmoOfficialSeller":false,"isFashionSquareSeller":false,"isBrandOfficialSeller":false},"hasOption":false,"isAdult":false,"isCartVisible":true,"discountRate":0,"sellPrice":11300,"tagLabels":[{"code":0,"text":"31"}],"buyUnitCount":1,"deliveryCode":"M","unitPrice":{"unit":100,"unitName":"g","price":565},"rank":31,"lcode":"100000020","mcode":"200002848","scode":"300011454"},{"itemNo":"2518703558","itemName":"96시간 숙성한 찰진 콩없는11곡 3.5kg","itemUrl":"https://item.gmarket.co.kr/Item?goodscode=2518703558","imageUrl":"//gdimg.gmarket.co.kr/2518703558/still/400?ver=1725091672","itemPrice":18700,"buyCount":1192,"reviewPoint":{"starPoint":4.81,"reviewCount":377},"isBigSmileItem":false,"isSoldOut":false,"couponDiscount":{"discountType":"R","discountPrice":"0","discountRate":"15"},"cardDiscount":{"discountRate":0},"sellerInfo":{"sellCustNo":"155104283","sellLoginId":"emartmall2","nickname":"이마트몰쓱배송","isLmoOfficialSeller":false,"isFashionSquareSeller":false,"isBrandOfficialSeller":false},"hasOption":false,"isAdult":false,"isCartVisible":true,"discountRate":0,"sellPrice":18700,"tagLabels":[{"code":0,"text":"32"}],"buyUnitCount":1,"deliveryCode":"M","rank":32,"lcode":"100000020","mcode":"200001689","scode":"300008391"},{"itemNo":"2518901031","itemName":"골든퀸현미 2kg","itemUrl":"https://item.gmarket.co.kr/Item?goodscode=2518901031","imageUrl":"//gdimg.gmarket.co.kr/2518901031/still/400?ver=1725091991","sdBrandName":"월드그린","itemPrice":10480,"buyCount":607,"reviewPoint":{"starPoint":4.8,"reviewCount":172},"isBigSmileItem":false,"isSoldOut":false,"couponDiscount":{"discountType":"R","discountPrice":"0","discountRate":"15"},"cardDiscount":{"discountRate":0},"sellerInfo":{"sellCustNo":"155104283","sellLoginId":"emartmall2","nickname":"이마트몰쓱배송","isLmoOfficialSeller":false,"isFashionSquareSeller":false,"isBrandOfficialSeller":false},"hasOption":false,"isAdult":false,"isCartVisible":true,"discountRate":0,"sellPrice":10480,"tagLabels":[{"code":0,"text":"33"}],"buyUnitCount":1,"deliveryCode":"M","unitPrice":{"unit":100,"unitName":"g","price":524},"rank":33,"lcode":"100000020","mcode":"200002848","scode":"300027787"},{"itemNo":"2522650660","itemName":"깐녹두 500g","itemUrl":"https://item.gmarket.co.kr/Item?goodscode=2522650660","imageUrl":"//gdimg.gmarket.co.kr/2522650660/still/400?ver=1725332360","itemPrice":11500,"buyCount":454,"reviewPoint":{"starPoint":4.74,"reviewCount":161},"isBigSmileItem":false,"isSoldOut":false,"couponDiscount":{"discountType":"R","discountPrice":"0","discountRate":"15"},"cardDiscount":{"discountRate":0},"sellerInfo":{"sellCustNo":"155104283","sellLoginId":"emartmall2","nickname":"이마트몰쓱배송","isLmoOfficialSeller":false,"isFashionSquareSeller":false,"isBrandOfficialSeller":false},"hasOption":false,"isAdult":false,"isCartVisible":true,"discountRate":20,"sellPrice":14500,"tagLabels":[{"code":0,"text":"34"}],"buyUnitCount":1,"deliveryCode":"M","rank":34,"lcode":"100000020","mcode":"200001689","scode":"300018810"},{"itemNo":"2597861019","itemName":"한눈에 반한 쌀 3kg","itemUrl":"https://item.gmarket.co.kr/Item?goodscode=2597861019","imageUrl":"//gdimg.gmarket.co.kr/2597861019/still/400?ver=1725100194","itemPrice":14700,"buyCount":519,"reviewPoint":{"starPoint":4.63,"reviewCount":128},"isBigSmileItem":false,"isSoldOut":false,"couponDiscount":{"discountType":"R","discountPrice":"0","discountRate":"15"},"cardDiscount":{"discountRate":0},"sellerInfo":{"sellCustNo":"155104283","sellLoginId":"emartmall2","nickname":"이마트몰쓱배송","isLmoOfficialSeller":false,"isFashionSquareSeller":false,"isBrandOfficialSeller":false},"hasOption":false,"isAdult":false,"isCartVisible":true,"discountRate":0,"sellPrice":14700,"tagLabels":[{"code":0,"text":"35"}],"buyUnitCount":1,"deliveryCode":"M","unitPrice":{"unit":100,"unitName":"g","price":490},"rank":35,"lcode":"100000020","mcode":"200002848","scode":"300029019"},{"itemNo":"2523316816","itemName":"오트밀 800g (캐나다산)","itemUrl":"https://item.gmarket.co.kr/Item?goodscode=2523316816","imageUrl":"//gdimg.gmarket.co.kr/2523316816/still/400?ver=1725099983","itemPrice":6780,"buyCount":891,"reviewPoint":{"starPoint":4.69,"reviewCount":317},"isBigSmileItem":false,"isSoldOut":false,"couponDiscount":{"discountType":"R","discountPrice":"0","discountRate":"15"},"cardDiscount":{"discountRate":0},"sellerInfo":{"sellCustNo":"155104283","sellLoginId":"emartmall2","nickname":"이마트몰쓱배송","isLmoOfficialSeller":false,"isFashionSquareSeller":false,"isBrandOfficialSeller":false},"hasOption":false,"isAdult":false,"isCartVisible":true,"discountRate":0,"sellPrice":6780,"tagLabels":[{"code":0,"text":"36"}],"buyUnitCount":1,"deliveryCode":"M","rank":36,"lcode":"100000020","mcode":"200001689","scode":"300029021"},{"itemNo":"2518685592","itemName":"발아 찰흑미 1kg","itemUrl":"https://item.gmarket.co.kr/Item?goodscode=2518685592","imageUrl":"//gdimg.gmarket.co.kr/2518685592/still/400?ver=1725109585","itemPrice":9380,"buyCount":450,"reviewPoint":{"starPoint":4.7,"reviewCount":116},"isBigSmileItem":false,"isSoldOut":false,"couponDiscount":{"discountType":"R","discountPrice":"0","discountRate":"15"},"cardDiscount":{"discountRate":0},"sellerInfo":{"sellCustNo":"155104283","sellLoginId":"emartmall2","nickname":"이마트몰쓱배송","isLmoOfficialSeller":false,"isFashionSquareSeller":false,"isBrandOfficialSeller":false},"hasOption":false,"isAdult":false,"isCartVisible":true,"discountRate":0,"sellPrice":9380,"tagLabels":[{"code":0,"text":"37"}],"buyUnitCount":1,"deliveryCode":"M","unitPrice":{"unit":100,"unitName":"g","price":938},"rank":37,"lcode":"100000020","mcode":"200002848","scode":"300018807"},{"itemNo":"2522272594","itemName":"96시간 숙성하여 맛이 깊고 부드러운 콩과귀리10곡 2kg","itemUrl":"https://item.gmarket.co.kr/Item?goodscode=2522272594","imageUrl":"//gdimg.gmarket.co.kr/2522272594/still/400?ver=1725100958","itemPrice":13400,"buyCount":722,"reviewPoint":{"starPoint":4.75,"reviewCount":216},"isBigSmileItem":false,"isSoldOut":false,"couponDiscount":{"discountType":"R","discountPrice":"0","discountRate":"15"},"cardDiscount":{"discountRate":0},"sellerInfo":{"sellCustNo":"155104283","sellLoginId":"emartmall2","nickname":"이마트몰쓱배송","isLmoOfficialSeller":false,"isFashionSquareSeller":false,"isBrandOfficialSeller":false},"hasOption":false,"isAdult":false,"isCartVisible":true,"discountRate":0,"sellPrice":13400,"tagLabels":[{"code":0,"text":"38"}],"buyUnitCount":1,"deliveryCode":"M","rank":38,"lcode":"100000020","mcode":"200001689","scode":"300008391"},{"itemNo":"2580094828","itemName":"꽃보다 아름다운 햅쌀 4kg","itemUrl":"https://item.gmarket.co.kr/Item?goodscode=2580094828","imageUrl":"//gdimg.gmarket.co.kr/2580094828/still/400?ver=1725092687","itemPrice":15900,"buyCount":126,"reviewPoint":{"starPoint":4.7,"reviewCount":57},"isBigSmileItem":false,"isSoldOut":false,"couponDiscount":{"discountType":"R","discountPrice":"0","discountRate":"15"},"cardDiscount":{"discountRate":0},"sellerInfo":{"sellCustNo":"155104283","sellLoginId":"emartmall2","nickname":"이마트몰쓱배송","isLmoOfficialSeller":false,"isFashionSquareSeller":false,"isBrandOfficialSeller":false},"hasOption":false,"isAdult":false,"isCartVisible":true,"discountRate":0,"sellPrice":15900,"tagLabels":[{"code":0,"text":"39"}],"buyUnitCount":1,"deliveryCode":"M","unitPrice":{"unit":100,"unitName":"g","price":398},"rank":39,"lcode":"100000020","mcode":"200002848","scode":"300029019"},{"itemNo":"2518511917","itemName":"96시간 숙성하여 맛이 깊고 부드러운 찰현미 1kg","itemUrl":"https://item.gmarket.co.kr/Item?goodscode=2518511917","imageUrl":"//gdimg.gmarket.co.kr/2518511917/still/400?ver=1725088074","itemPrice":6280,"buyCount":302,"reviewPoint":{"starPoint":4.65,"reviewCount":108},"isBigSmileItem":false,"isSoldOut":false,"couponDiscount":{"discountType":"R","discountPrice":"0","discountRate":"15"},"cardDiscount":{"discountRate":0},"sellerInfo":{"sellCustNo":"155104283","sellLoginId":"emartmall2","nickname":"이마트몰쓱배송","isLmoOfficialSeller":false,"isFashionSquareSeller":false,"isBrandOfficialSeller":false},"hasOption":false,"isAdult":false,"isCartVisible":true,"discountRate":0,"sellPrice":6280,"tagLabels":[{"code":0,"text":"40"}],"buyUnitCount":1,"deliveryCode":"M","rank":40,"lcode":"100000020","mcode":"200002848","scode":"300027787"},{"itemNo":"2519280489","itemName":"96시간 숙성하여 맛이 깊고 부드러운 현미1kg","itemUrl":"https://item.gmarket.co.kr/Item?goodscode=2519280489","imageUrl":"//gdimg.gmarket.co.kr/2519280489/still/400?ver=1725100752","itemPrice":5780,"buyCount":467,"reviewPoint":{"starPoint":4.65,"reviewCount":157},"isBigSmileItem":false,"isSoldOut":false,"couponDiscount":{"discountType":"R","discountPrice":"0","discountRate":"15"},"cardDiscount":{"discountRate":0},"sellerInfo":{"sellCustNo":"155104283","sellLoginId":"emartmall2","nickname":"이마트몰쓱배송","isLmoOfficialSeller":false,"isFashionSquareSeller":false,"isBrandOfficialSeller":false},"hasOption":false,"isAdult":false,"isCartVisible":true,"discountRate":0,"sellPrice":5780,"tagLabels":[{"code":0,"text":"41"}],"buyUnitCount":1,"deliveryCode":"M","unitPrice":{"unit":100,"unitName":"g","price":578},"rank":41,"lcode":"100000020","mcode":"200002848","scode":"300027787"},{"itemNo":"2523316329","itemName":"오덕쌀 친들미 10kg","itemUrl":"https://item.gmarket.co.kr/Item?goodscode=2523316329","imageUrl":"//gdimg.gmarket.co.kr/2523316329/still/400?ver=1725262221","sdBrandName":"오덕쌀","itemPrice":35600,"buyCount":1750,"reviewPoint":{"starPoint":4.76,"reviewCount":696},"isBigSmileItem":false,"isSoldOut":false,"couponDiscount":{"discountType":"R","discountPrice":"0","discountRate":"15"},"cardDiscount":{"discountRate":0},"sellerInfo":{"sellCustNo":"155104283","sellLoginId":"emartmall2","nickname":"이마트몰쓱배송","isLmoOfficialSeller":false,"isFashionSquareSeller":false,"isBrandOfficialSeller":false},"hasOption":false,"isAdult":false,"isCartVisible":true,"discountRate":0,"sellPrice":35600,"tagLabels":[{"code":0,"text":"42"}],"buyUnitCount":1,"deliveryCode":"M","unitPrice":{"unit":100,"unitName":"g","price":356},"rank":42,"lcode":"100000020","mcode":"200002848","scode":"300029019"},{"itemNo":"2518856563","itemName":"백옥 찹쌀1kg","itemUrl":"https://item.gmarket.co.kr/Item?goodscode=2518856563","imageUrl":"//gdimg.gmarket.co.kr/2518856563/still/400?ver=1725091782","itemPrice":6280,"buyCount":583,"reviewPoint":{"starPoint":4.76,"reviewCount":243},"isBigSmileItem":false,"isSoldOut":false,"couponDiscount":{"discountType":"R","discountPrice":"0","discountRate":"15"},"cardDiscount":{"discountRate":0},"sellerInfo":{"sellCustNo":"155104283","sellLoginId":"emartmall2","nickname":"이마트몰쓱배송","isLmoOfficialSeller":false,"isFashionSquareSeller":false,"isBrandOfficialSeller":false},"hasOption":false,"isAdult":false,"isCartVisible":true,"discountRate":0,"sellPrice":6280,"tagLabels":[{"code":0,"text":"43"}],"buyUnitCount":1,"deliveryCode":"M","rank":43,"lcode":"100000020","mcode":"200002848","scode":"300011454"},{"itemNo":"3026275500","itemName":"자연주의 광복 유기농 삼광현미 3kg","itemUrl":"https://item.gmarket.co.kr/Item?goodscode=3026275500","imageUrl":"//gdimg.gmarket.co.kr/3026275500/still/400?ver=1725133172","sdBrandName":"자연주의","itemPrice":15980,"buyCount":448,"reviewPoint":{"starPoint":4.76,"reviewCount":185},"isBigSmileItem":false,"isSoldOut":false,"couponDiscount":{"discountType":"R","discountPrice":"0","discountRate":"15"},"cardDiscount":{"discountRate":0},"sellerInfo":{"sellCustNo":"155104283","sellLoginId":"emartmall2","nickname":"이마트몰쓱배송","isLmoOfficialSeller":false,"isFashionSquareSeller":false,"isBrandOfficialSeller":false},"hasOption":false,"isAdult":false,"isCartVisible":true,"discountRate":0,"sellPrice":15980,"tagLabels":[{"code":0,"text":"44"}],"buyUnitCount":1,"deliveryCode":"M","unitPrice":{"unit":100,"unitName":"g","price":533},"rank":44,"lcode":"100000020","mcode":"200002848","scode":"300029018"},{"itemNo":"2518525256","itemName":"임금님표 이천쌀 10kg","itemUrl":"https://item.gmarket.co.kr/Item?goodscode=2518525256","imageUrl":"//gdimg.gmarket.co.kr/2518525256/still/400?ver=1725088117","itemPrice":45900,"buyCount":25,"reviewPoint":{"starPoint":4.14,"reviewCount":6},"isBigSmileItem":false,"isSoldOut":false,"couponDiscount":{"discountType":"R","discountPrice":"0","discountRate":"15"},"cardDiscount":{"discountRate":0},"sellerInfo":{"sellCustNo":"155104283","sellLoginId":"emartmall2","nickname":"이마트몰쓱배송","isLmoOfficialSeller":false,"isFashionSquareSeller":false,"isBrandOfficialSeller":false},"hasOption":false,"isAdult":false,"isCartVisible":true,"discountRate":0,"sellPrice":45900,"tagLabels":[{"code":0,"text":"45"}],"buyUnitCount":1,"deliveryCode":"M","rank":45,"lcode":"100000020","mcode":"200002848","scode":"300029019"},{"itemNo":"2518579162","itemName":"대왕님표 여주쌀 10kg","itemUrl":"https://item.gmarket.co.kr/Item?goodscode=2518579162","imageUrl":"//gdimg.gmarket.co.kr/2518579162/still/400?ver=1725090952","sdBrandName":"대왕님표여주쌀","itemPrice":45900,"buyCount":264,"reviewPoint":{"starPoint":4.74,"reviewCount":75},"isBigSmileItem":false,"isSoldOut":false,"couponDiscount":{"discountType":"R","discountPrice":"0","discountRate":"15"},"cardDiscount":{"discountRate":0},"sellerInfo":{"sellCustNo":"155104283","sellLoginId":"emartmall2","nickname":"이마트몰쓱배송","isLmoOfficialSeller":false,"isFashionSquareSeller":false,"isBrandOfficialSeller":false},"hasOption":false,"isAdult":false,"isCartVisible":true,"discountRate":0,"sellPrice":45900,"tagLabels":[{"code":0,"text":"46"}],"buyUnitCount":1,"deliveryCode":"M","unitPrice":{"unit":100,"unitName":"g","price":459},"rank":46,"lcode":"100000020","mcode":"200002848","scode":"300029019"},{"itemNo":"2519291994","itemName":"최순희 전통명장이 만든 깨소금 180g","itemUrl":"https://item.gmarket.co.kr/Item?goodscode=2519291994","imageUrl":"//gdimg.gmarket.co.kr/2519291994/still/400?ver=1725123459","itemPrice":4980,"buyCount":305,"reviewPoint":{"starPoint":4.7,"reviewCount":122},"isBigSmileItem":false,"isSoldOut":false,"couponDiscount":{"discountType":"R","discountPrice":"0","discountRate":"15"},"cardDiscount":{"discountRate":0},"sellerInfo":{"sellCustNo":"155104283","sellLoginId":"emartmall2","nickname":"이마트몰쓱배송","isLmoOfficialSeller":false,"isFashionSquareSeller":false,"isBrandOfficialSeller":false},"hasOption":false,"isAdult":false,"isCartVisible":true,"discountRate":0,"sellPrice":4980,"tagLabels":[{"code":0,"text":"47"}],"buyUnitCount":1,"deliveryCode":"M","rank":47,"lcode":"100000020","mcode":"200001689","scode":"300018808"},{"itemNo":"2560430062","itemName":"대왕님표 여주햅쌀 4kg","itemUrl":"https://item.gmarket.co.kr/Item?goodscode=2560430062","imageUrl":"//gdimg.gmarket.co.kr/2560430062/still/400?ver=1725092190","sdBrandName":"대왕님표여주쌀","itemPrice":21900,"buyCount":157,"reviewPoint":{"starPoint":4.79,"reviewCount":65},"isBigSmileItem":false,"isSoldOut":false,"couponDiscount":{"discountType":"R","discountPrice":"0","discountRate":"15"},"cardDiscount":{"discountRate":0},"sellerInfo":{"sellCustNo":"155104283","sellLoginId":"emartmall2","nickname":"이마트몰쓱배송","isLmoOfficialSeller":false,"isFashionSquareSeller":false,"isBrandOfficialSeller":false},"hasOption":false,"isAdult":false,"isCartVisible":true,"discountRate":0,"sellPrice":21900,"tagLabels":[{"code":0,"text":"48"}],"buyUnitCount":1,"deliveryCode":"M","unitPrice":{"unit":100,"unitName":"g","price":548},"rank":48,"lcode":"100000020","mcode":"200002848","scode":"300029019"},{"itemNo":"3930613582","itemName":"알찬미 2kg","itemUrl":"https://item.gmarket.co.kr/Item?goodscode=3930613582","imageUrl":"//gdimg.gmarket.co.kr/3930613582/still/400?ver=1725142166","itemPrice":10400,"buyCount":12,"reviewPoint":{"starPoint":0,"reviewCount":0},"isBigSmileItem":false,"isSoldOut":false,"couponDiscount":{"discountType":"R","discountPrice":"0","discountRate":"15"},"cardDiscount":{"discountRate":0},"sellerInfo":{"sellCustNo":"155104283","sellLoginId":"emartmall2","nickname":"이마트몰쓱배송","isLmoOfficialSeller":false,"isFashionSquareSeller":false,"isBrandOfficialSeller":false},"hasOption":false,"isAdult":false,"isCartVisible":true,"discountRate":0,"sellPrice":10400,"tagLabels":[{"code":0,"text":"49"}],"buyUnitCount":1,"deliveryCode":"M","rank":49,"lcode":"100000020","mcode":"200002848","scode":"300029019"},{"itemNo":"2518479867","itemName":"씻어나온 쌀 2kg","itemUrl":"https://item.gmarket.co.kr/Item?goodscode=2518479867","imageUrl":"//gdimg.gmarket.co.kr/2518479867/still/400?ver=1725088528","itemPrice":10480,"buyCount":808,"reviewPoint":{"starPoint":4.79,"reviewCount":232},"isBigSmileItem":false,"isSoldOut":false,"couponDiscount":{"discountType":"R","discountPrice":"0","discountRate":"15"},"cardDiscount":{"discountRate":0},"sellerInfo":{"sellCustNo":"155104283","sellLoginId":"emartmall2","nickname":"이마트몰쓱배송","isLmoOfficialSeller":false,"isFashionSquareSeller":false,"isBrandOfficialSeller":false},"hasOption":false,"isAdult":false,"isCartVisible":true,"discountRate":0,"sellPrice":10480,"tagLabels":[{"code":0,"text":"50"}],"buyUnitCount":1,"deliveryCode":"M","unitPrice":{"unit":100,"unitName":"g","price":524},"rank":50,"lcode":"100000020","mcode":"200002848","scode":"300029019"},{"itemNo":"2518686358","itemName":"발아 현미 2kg","itemUrl":"https://item.gmarket.co.kr/Item?goodscode=2518686358","imageUrl":"//gdimg.gmarket.co.kr/2518686358/still/400?ver=1725109591","itemPrice":14600,"buyCount":113,"reviewPoint":{"starPoint":4.73,"reviewCount":39},"isBigSmileItem":false,"isSoldOut":false,"couponDiscount":{"discountType":"R","discountPrice":"0","discountRate":"15"},"cardDiscount":{"discountRate":0},"sellerInfo":{"sellCustNo":"155104283","sellLoginId":"emartmall2","nickname":"이마트몰쓱배송","isLmoOfficialSeller":false,"isFashionSquareSeller":false,"isBrandOfficialSeller":false},"hasOption":false,"isAdult":false,"isCartVisible":true,"discountRate":0,"sellPrice":14600,"tagLabels":[{"code":0,"text":"51"}],"buyUnitCount":1,"deliveryCode":"M","unitPrice":{"unit":100,"unitName":"g","price":730},"rank":51,"lcode":"100000020","mcode":"200002848","scode":"300027787"},{"itemNo":"2518706411","itemName":"씻거나 불릴필요없는통곡물밥상 2kg","itemUrl":"https://item.gmarket.co.kr/Item?goodscode=2518706411","imageUrl":"//gdimg.gmarket.co.kr/2518706411/still/400?ver=1725091912","itemPrice":16600,"buyCount":313,"reviewPoint":{"starPoint":4.71,"reviewCount":111},"isBigSmileItem":false,"isSoldOut":false,"couponDiscount":{"discountType":"R","discountPrice":"0","discountRate":"15"},"cardDiscount":{"discountRate":0},"sellerInfo":{"sellCustNo":"155104283","sellLoginId":"emartmall2","nickname":"이마트몰쓱배송","isLmoOfficialSeller":false,"isFashionSquareSeller":false,"isBrandOfficialSeller":false},"hasOption":false,"isAdult":false,"isCartVisible":true,"discountRate":0,"sellPrice":16600,"tagLabels":[{"code":0,"text":"52"}],"buyUnitCount":1,"deliveryCode":"M","rank":52,"lcode":"100000020","mcode":"200001689","scode":"300008391"},{"itemNo":"2522887090","itemName":"자연주의 무농약 찹쌀 2kg","itemUrl":"https://item.gmarket.co.kr/Item?goodscode=2522887090","imageUrl":"//gdimg.gmarket.co.kr/2522887090/still/400?ver=1725119855","itemPrice":13980,"buyCount":93,"reviewPoint":{"starPoint":4.67,"reviewCount":26},"isBigSmileItem":false,"isSoldOut":false,"couponDiscount":{"discountType":"R","discountPrice":"0","discountRate":"15"},"cardDiscount":{"discountRate":0},"sellerInfo":{"sellCustNo":"155104283","sellLoginId":"emartmall2","nickname":"이마트몰쓱배송","isLmoOfficialSeller":false,"isFashionSquareSeller":false,"isBrandOfficialSeller":false},"hasOption":false,"isAdult":false,"isCartVisible":true,"discountRate":0,"sellPrice":13980,"tagLabels":[{"code":0,"text":"53"}],"buyUnitCount":1,"deliveryCode":"M","unitPrice":{"unit":100,"unitName":"g","price":699},"rank":53,"lcode":"100000020","mcode":"200002848","scode":"300029018"},{"itemNo":"2518877202","itemName":"임금님표 이천쌀 4kg","itemUrl":"https://item.gmarket.co.kr/Item?goodscode=2518877202","imageUrl":"//gdimg.gmarket.co.kr/2518877202/still/400?ver=1725245122","sdBrandName":"임금님표이천","itemPrice":24900,"buyCount":11,"reviewPoint":{"starPoint":3.33,"reviewCount":3},"isBigSmileItem":false,"isSoldOut":false,"couponDiscount":{"discountType":"R","discountPrice":"0","discountRate":"15"},"cardDiscount":{"discountRate":0},"sellerInfo":{"sellCustNo":"155104283","sellLoginId":"emartmall2","nickname":"이마트몰쓱배송","isLmoOfficialSeller":false,"isFashionSquareSeller":false,"isBrandOfficialSeller":false},"hasOption":false,"isAdult":false,"isCartVisible":true,"discountRate":0,"sellPrice":24900,"tagLabels":[{"code":0,"text":"54"}],"buyUnitCount":1,"deliveryCode":"M","unitPrice":{"unit":100,"unitName":"g","price":623},"rank":54,"lcode":"100000020","mcode":"200002848","scode":"300029019"},{"itemNo":"2523342195","itemName":"마시는 오트밀 375g (25g15봉)","itemUrl":"https://item.gmarket.co.kr/Item?goodscode=2523342195","imageUrl":"//gdimg.gmarket.co.kr/2523342195/still/400?ver=1725121674","itemPrice":7280,"buyCount":226,"reviewPoint":{"starPoint":4.71,"reviewCount":18},"isBigSmileItem":false,"isSoldOut":false,"couponDiscount":{"discountType":"R","discountPrice":"0","discountRate":"15"},"cardDiscount":{"discountRate":0},"sellerInfo":{"sellCustNo":"155104283","sellLoginId":"emartmall2","nickname":"이마트몰쓱배송","isLmoOfficialSeller":false,"isFashionSquareSeller":false,"isBrandOfficialSeller":false},"hasOption":false,"isAdult":false,"isCartVisible":true,"discountRate":0,"sellPrice":7280,"tagLabels":[{"code":0,"text":"55"}],"buyUnitCount":1,"deliveryCode":"M","rank":55,"lcode":"100000020","mcode":"200001689","scode":"300029021"},{"itemNo":"2522650279","itemName":"백태500g","itemUrl":"https://item.gmarket.co.kr/Item?goodscode=2522650279","imageUrl":"//gdimg.gmarket.co.kr/2522650279/still/400?ver=1725104017","itemPrice":6280,"buyCount":643,"reviewPoint":{"starPoint":4.68,"reviewCount":193},"isBigSmileItem":false,"isSoldOut":false,"couponDiscount":{"discountType":"R","discountPrice":"0","discountRate":"15"},"cardDiscount":{"discountRate":0},"sellerInfo":{"sellCustNo":"155104283","sellLoginId":"emartmall2","nickname":"이마트몰쓱배송","isLmoOfficialSeller":false,"isFashionSquareSeller":false,"isBrandOfficialSeller":false},"hasOption":false,"isAdult":false,"isCartVisible":true,"discountRate":0,"sellPrice":6280,"tagLabels":[{"code":0,"text":"56"}],"buyUnitCount":1,"deliveryCode":"M","rank":56,"lcode":"100000020","mcode":"200001689","scode":"300008390"},{"itemNo":"2522882186","itemName":"피코크 국산 통참깨 190g(용기)","itemUrl":"https://item.gmarket.co.kr/Item?goodscode=2522882186","imageUrl":"//gdimg.gmarket.co.kr/2522882186/still/400?ver=1725100093","itemPrice":17800,"buyCount":110,"reviewPoint":{"starPoint":4.83,"reviewCount":17},"isBigSmileItem":false,"isSoldOut":false,"couponDiscount":{"discountType":"R","discountPrice":"0","discountRate":"15"},"cardDiscount":{"discountRate":0},"sellerInfo":{"sellCustNo":"155104283","sellLoginId":"emartmall2","nickname":"이마트몰쓱배송","isLmoOfficialSeller":false,"isFashionSquareSeller":false,"isBrandOfficialSeller":false},"hasOption":false,"isAdult":false,"isCartVisible":true,"discountRate":0,"sellPrice":17800,"tagLabels":[{"code":0,"text":"57"}],"buyUnitCount":1,"deliveryCode":"M","rank":57,"lcode":"100000020","mcode":"200001689","scode":"300018808"},{"itemNo":"2523131978","itemName":"블랙 렌틸콩 500g","itemUrl":"https://item.gmarket.co.kr/Item?goodscode=2523131978","imageUrl":"//gdimg.gmarket.co.kr/2523131978/still/400?ver=1725100778","itemPrice":4680,"buyCount":771,"reviewPoint":{"starPoint":4.76,"reviewCount":247},"isBigSmileItem":false,"isSoldOut":false,"couponDiscount":{"discountType":"R","discountPrice":"0","discountRate":"15"},"cardDiscount":{"discountRate":0},"sellerInfo":{"sellCustNo":"155104283","sellLoginId":"emartmall2","nickname":"이마트몰쓱배송","isLmoOfficialSeller":false,"isFashionSquareSeller":false,"isBrandOfficialSeller":false},"hasOption":false,"isAdult":false,"isCartVisible":true,"discountRate":0,"sellPrice":4680,"tagLabels":[{"code":0,"text":"58"}],"buyUnitCount":1,"deliveryCode":"M","rank":58,"lcode":"100000020","mcode":"200001689","scode":"300029021"},{"itemNo":"2547596721","itemName":"가바현미가 들어간 우리아이건강밥1kg","itemUrl":"https://item.gmarket.co.kr/Item?goodscode=2547596721","imageUrl":"//gdimg.gmarket.co.kr/2547596721/still/400?ver=1725119186","itemPrice":9380,"buyCount":141,"reviewPoint":{"starPoint":4.89,"reviewCount":31},"isBigSmileItem":false,"isSoldOut":false,"couponDiscount":{"discountType":"R","discountPrice":"0","discountRate":"15"},"cardDiscount":{"discountRate":0},"sellerInfo":{"sellCustNo":"155104283","sellLoginId":"emartmall2","nickname":"이마트몰쓱배송","isLmoOfficialSeller":false,"isFashionSquareSeller":false,"isBrandOfficialSeller":false},"hasOption":false,"isAdult":false,"isCartVisible":true,"discountRate":0,"sellPrice":9380,"tagLabels":[{"code":0,"text":"59"}],"buyUnitCount":1,"deliveryCode":"M","rank":59,"lcode":"100000020","mcode":"200001689","scode":"300008391"},{"itemNo":"3951320650","itemName":"찹쌀 3kg","itemUrl":"https://item.gmarket.co.kr/Item?goodscode=3951320650","imageUrl":"//gdimg.gmarket.co.kr/3951320650/still/400?ver=1725434991","itemPrice":9980,"buyCount":778,"reviewPoint":{"starPoint":4.77,"reviewCount":294},"isBigSmileItem":false,"isSoldOut":false,"couponDiscount":{"discountType":"R","discountPrice":"0","discountRate":"15"},"cardDiscount":{"discountRate":0},"sellerInfo":{"sellCustNo":"155104283","sellLoginId":"emartmall2","nickname":"이마트몰쓱배송","isLmoOfficialSeller":false,"isFashionSquareSeller":false,"isBrandOfficialSeller":false},"hasOption":false,"isAdult":false,"isCartVisible":true,"discountRate":0,"sellPrice":9980,"tagLabels":[{"code":0,"text":"60"}],"buyUnitCount":1,"deliveryCode":"M","unitPrice":{"unit":100,"unitName":"g","price":333},"rank":60,"lcode":"100000020","mcode":"200002848","scode":"300011454"},{"itemNo":"2518530150","itemName":"120시간숙성한팥500g","itemUrl":"https://item.gmarket.co.kr/Item?goodscode=2518530150","imageUrl":"//gdimg.gmarket.co.kr/2518530150/still/400?ver=1725088259","itemPrice":11300,"buyCount":1089,"reviewPoint":{"starPoint":4.68,"reviewCount":388},"isBigSmileItem":false,"isSoldOut":false,"couponDiscount":{"discountType":"R","discountPrice":"0","discountRate":"15"},"cardDiscount":{"discountRate":0},"sellerInfo":{"sellCustNo":"155104283","sellLoginId":"emartmall2","nickname":"이마트몰쓱배송","isLmoOfficialSeller":false,"isFashionSquareSeller":false,"isBrandOfficialSeller":false},"hasOption":false,"isAdult":false,"isCartVisible":true,"discountRate":0,"sellPrice":11300,"tagLabels":[{"code":0,"text":"61"}],"buyUnitCount":1,"deliveryCode":"M","rank":61,"lcode":"100000020","mcode":"200001689","scode":"300024491"},{"itemNo":"2518981151","itemName":"120시간숙성율무쌀500g","itemUrl":"https://item.gmarket.co.kr/Item?goodscode=2518981151","imageUrl":"//gdimg.gmarket.co.kr/2518981151/still/400?ver=1725092322","itemPrice":12400,"buyCount":149,"reviewPoint":{"starPoint":4.59,"reviewCount":51},"isBigSmileItem":false,"isSoldOut":false,"couponDiscount":{"discountType":"R","discountPrice":"0","discountRate":"15"},"cardDiscount":{"discountRate":0},"sellerInfo":{"sellCustNo":"155104283","sellLoginId":"emartmall2","nickname":"이마트몰쓱배송","isLmoOfficialSeller":false,"isFashionSquareSeller":false,"isBrandOfficialSeller":false},"hasOption":false,"isAdult":false,"isCartVisible":true,"discountRate":0,"sellPrice":12400,"tagLabels":[{"code":0,"text":"62"}],"buyUnitCount":1,"deliveryCode":"M","rank":62,"lcode":"100000020","mcode":"200001689","scode":"300018810"},{"itemNo":"2522645857","itemName":"압맥1.7kg","itemUrl":"https://item.gmarket.co.kr/Item?goodscode=2522645857","imageUrl":"//gdimg.gmarket.co.kr/2522645857/still/400?ver=1711696728","itemPrice":10400,"buyCount":157,"reviewPoint":{"starPoint":4.75,"reviewCount":69},"isBigSmileItem":false,"isSoldOut":false,"couponDiscount":{"discountType":"R","discountPrice":"0","discountRate":"15"},"cardDiscount":{"discountRate":0},"sellerInfo":{"sellCustNo":"155104283","sellLoginId":"emartmall2","nickname":"이마트몰쓱배송","isLmoOfficialSeller":false,"isFashionSquareSeller":false,"isBrandOfficialSeller":false},"hasOption":false,"isAdult":false,"isCartVisible":true,"discountRate":0,"sellPrice":10400,"tagLabels":[{"code":0,"text":"63"}],"buyUnitCount":1,"deliveryCode":"M","rank":63,"lcode":"100000020","mcode":"200001689","scode":"300029022"},{"itemNo":"2523343580","itemName":"한끼오트밀 450g (30g15봉)","itemUrl":"https://item.gmarket.co.kr/Item?goodscode=2523343580","imageUrl":"//gdimg.gmarket.co.kr/2523343580/still/400?ver=1725122370","itemPrice":6280,"buyCount":392,"reviewPoint":{"starPoint":4.88,"reviewCount":39},"isBigSmileItem":false,"isSoldOut":false,"couponDiscount":{"discountType":"R","discountPrice":"0","discountRate":"15"},"cardDiscount":{"discountRate":0},"sellerInfo":{"sellCustNo":"155104283","sellLoginId":"emartmall2","nickname":"이마트몰쓱배송","isLmoOfficialSeller":false,"isFashionSquareSeller":false,"isBrandOfficialSeller":false},"hasOption":false,"isAdult":false,"isCartVisible":true,"discountRate":0,"sellPrice":6280,"tagLabels":[{"code":0,"text":"64"}],"buyUnitCount":1,"deliveryCode":"M","rank":64,"lcode":"100000020","mcode":"200001689","scode":"300029021"},{"itemNo":"2518476166","itemName":"오뚜기 옛날 볶음참깨 200g","itemUrl":"https://item.gmarket.co.kr/Item?goodscode=2518476166","imageUrl":"//gdimg.gmarket.co.kr/2518476166/still/400?ver=1725088521","itemPrice":5980,"buyCount":516,"reviewPoint":{"starPoint":4.8,"reviewCount":173},"isBigSmileItem":false,"isSoldOut":false,"couponDiscount":{"discountType":"R","discountPrice":"0","discountRate":"15"},"cardDiscount":{"discountRate":0},"sellerInfo":{"sellCustNo":"155104283","sellLoginId":"emartmall2","nickname":"이마트몰쓱배송","isLmoOfficialSeller":false,"isFashionSquareSeller":false,"isBrandOfficialSeller":false},"hasOption":false,"isAdult":false,"isCartVisible":true,"discountRate":0,"sellPrice":5980,"tagLabels":[{"code":0,"text":"65"}],"buyUnitCount":1,"deliveryCode":"M","rank":65,"lcode":"100000020","mcode":"200001689","scode":"300018808"},{"itemNo":"2518606235","itemName":"친정엄마 볶음참깨 500g(파우치)","itemUrl":"https://item.gmarket.co.kr/Item?goodscode=2518606235","imageUrl":"//gdimg.gmarket.co.kr/2518606235/still/400?ver=1725107799","itemPrice":6580,"buyCount":444,"reviewPoint":{"starPoint":4.63,"reviewCount":225},"isBigSmileItem":false,"isSoldOut":false,"couponDiscount":{"discountType":"R","discountPrice":"0","discountRate":"15"},"cardDiscount":{"discountRate":0},"sellerInfo":{"sellCustNo":"155104283","sellLoginId":"emartmall2","nickname":"이마트몰쓱배송","isLmoOfficialSeller":false,"isFashionSquareSeller":false,"isBrandOfficialSeller":false},"hasOption":false,"isAdult":false,"isCartVisible":true,"discountRate":0,"sellPrice":6580,"tagLabels":[{"code":0,"text":"66"}],"buyUnitCount":1,"deliveryCode":"M","rank":66,"lcode":"100000020","mcode":"200001689","scode":"300018808"},{"itemNo":"2519632325","itemName":"냉동 유기농 완두콩 600g","itemUrl":"https://item.gmarket.co.kr/Item?goodscode=2519632325","imageUrl":"//gdimg.gmarket.co.kr/2519632325/still/400?ver=1725101078","itemPrice":6690,"buyCount":75,"reviewPoint":{"starPoint":4.79,"reviewCount":23},"isBigSmileItem":false,"isSoldOut":false,"couponDiscount":{"discountType":"R","discountPrice":"0","discountRate":"15"},"cardDiscount":{"discountRate":0},"sellerInfo":{"sellCustNo":"155104283","sellLoginId":"emartmall2","nickname":"이마트몰쓱배송","isLmoOfficialSeller":false,"isFashionSquareSeller":false,"isBrandOfficialSeller":false},"hasOption":false,"isAdult":false,"isCartVisible":true,"discountRate":0,"sellPrice":6690,"tagLabels":[{"code":0,"text":"67"}],"buyUnitCount":1,"deliveryCode":"M","rank":67,"lcode":"100000020","mcode":"200000219","scode":"300028996"},{"itemNo":"2522601629","itemName":"햄프씨드 400g","itemUrl":"https://item.gmarket.co.kr/Item?goodscode=2522601629","imageUrl":"//gdimg.gmarket.co.kr/2522601629/still/400?ver=1725103827","itemPrice":6280,"buyCount":132,"reviewPoint":{"starPoint":4.41,"reviewCount":33},"isBigSmileItem":false,"isSoldOut":false,"couponDiscount":{"discountType":"R","discountPrice":"0","discountRate":"15"},"cardDiscount":{"discountRate":0},"sellerInfo":{"sellCustNo":"155104283","sellLoginId":"emartmall2","nickname":"이마트몰쓱배송","isLmoOfficialSeller":false,"isFashionSquareSeller":false,"isBrandOfficialSeller":false},"hasOption":false,"isAdult":false,"isCartVisible":true,"discountRate":0,"sellPrice":6280,"tagLabels":[{"code":0,"text":"68"}],"buyUnitCount":1,"deliveryCode":"M","rank":68,"lcode":"100000020","mcode":"200001689","scode":"300029021"},{"itemNo":"2522700887","itemName":"조류혼합 맛있는 9곡 1kg","itemUrl":"https://item.gmarket.co.kr/Item?goodscode=2522700887","imageUrl":"//gdimg.gmarket.co.kr/2522700887/still/400?ver=1725103845","itemPrice":9380,"buyCount":395,"reviewPoint":{"starPoint":4.74,"reviewCount":104},"isBigSmileItem":false,"isSoldOut":false,"couponDiscount":{"discountType":"R","discountPrice":"0","discountRate":"15"},"cardDiscount":{"discountRate":0},"sellerInfo":{"sellCustNo":"155104283","sellLoginId":"emartmall2","nickname":"이마트몰쓱배송","isLmoOfficialSeller":false,"isFashionSquareSeller":false,"isBrandOfficialSeller":false},"hasOption":false,"isAdult":false,"isCartVisible":true,"discountRate":0,"sellPrice":9380,"tagLabels":[{"code":0,"text":"69"}],"buyUnitCount":1,"deliveryCode":"M","rank":69,"lcode":"100000020","mcode":"200001689","scode":"300008391"},{"itemNo":"2522780956","itemName":"찰수수쌀 500g","itemUrl":"https://item.gmarket.co.kr/Item?goodscode=2522780956","imageUrl":"//gdimg.gmarket.co.kr/2522780956/still/400?ver=1725091919","itemPrice":9380,"buyCount":268,"reviewPoint":{"starPoint":4.88,"reviewCount":66},"isBigSmileItem":false,"isSoldOut":false,"couponDiscount":{"discountType":"R","discountPrice":"0","discountRate":"15"},"cardDiscount":{"discountRate":0},"sellerInfo":{"sellCustNo":"155104283","sellLoginId":"emartmall2","nickname":"이마트몰쓱배송","isLmoOfficialSeller":false,"isFashionSquareSeller":false,"isBrandOfficialSeller":false},"hasOption":false,"isAdult":false,"isCartVisible":true,"discountRate":0,"sellPrice":9380,"tagLabels":[{"code":0,"text":"70"}],"buyUnitCount":1,"deliveryCode":"M","rank":70,"lcode":"100000020","mcode":"200001689","scode":"300018809"},{"itemNo":"3160632174","itemName":"국산 현미뻥 330g","itemUrl":"https://item.gmarket.co.kr/Item?goodscode=3160632174","imageUrl":"//gdimg.gmarket.co.kr/3160632174/still/400?ver=1725163453","itemPrice":4180,"buyCount":49,"reviewPoint":{"starPoint":4.75,"reviewCount":22},"isBigSmileItem":false,"isSoldOut":false,"couponDiscount":{"discountType":"R","discountPrice":"0","discountRate":"15"},"cardDiscount":{"discountRate":0},"sellerInfo":{"sellCustNo":"155104283","sellLoginId":"emartmall2","nickname":"이마트몰쓱배송","isLmoOfficialSeller":false,"isFashionSquareSeller":false,"isBrandOfficialSeller":false},"hasOption":false,"isAdult":false,"isCartVisible":true,"discountRate":19,"sellPrice":5180,"tagLabels":[{"code":0,"text":"71"}],"buyUnitCount":1,"deliveryCode":"M","rank":71,"lcode":"100000020","mcode":"200001689","scode":"300029021"},{"itemNo":"2518706706","itemName":"차좁쌀 500g","itemUrl":"https://item.gmarket.co.kr/Item?goodscode=2518706706","imageUrl":"//gdimg.gmarket.co.kr/2518706706/still/400?ver=1725091928","itemPrice":11300,"buyCount":197,"reviewPoint":{"starPoint":4.72,"reviewCount":54},"isBigSmileItem":false,"isSoldOut":false,"couponDiscount":{"discountType":"R","discountPrice":"0","discountRate":"15"},"cardDiscount":{"discountRate":0},"sellerInfo":{"sellCustNo":"155104283","sellLoginId":"emartmall2","nickname":"이마트몰쓱배송","isLmoOfficialSeller":false,"isFashionSquareSeller":false,"isBrandOfficialSeller":false},"hasOption":false,"isAdult":false,"isCartVisible":true,"discountRate":0,"sellPrice":11300,"tagLabels":[{"code":0,"text":"72"}],"buyUnitCount":1,"deliveryCode":"M","rank":72,"lcode":"100000020","mcode":"200001689","scode":"300029021"},{"itemNo":"2522434010","itemName":"노브랜드 볶음참깨 1kg","itemUrl":"https://item.gmarket.co.kr/Item?goodscode=2522434010","imageUrl":"//gdimg.gmarket.co.kr/2522434010/still/400?ver=1725101556","itemPrice":11480,"buyCount":1638,"reviewPoint":{"starPoint":4.8,"reviewCount":716},"isBigSmileItem":false,"isSoldOut":false,"cardDiscount":{"discountRate":0},"sellerInfo":{"sellCustNo":"155104283","sellLoginId":"emartmall2","nickname":"이마트몰쓱배송","isLmoOfficialSeller":false,"isFashionSquareSeller":false,"isBrandOfficialSeller":false},"hasOption":false,"isAdult":false,"isCartVisible":true,"discountRate":0,"sellPrice":11480,"tagLabels":[{"code":0,"text":"73"}],"buyUnitCount":1,"deliveryCode":"M","rank":73,"lcode":"100000020","mcode":"200001689","scode":"300018808"},{"itemNo":"2523400002","itemName":"곡물 그대로의 고소함이 살아있는 볶은 현미 통곡물 200g","itemUrl":"https://item.gmarket.co.kr/Item?goodscode=2523400002","imageUrl":"//gdimg.gmarket.co.kr/2523400002/still/400?ver=1725120203","itemPrice":3680,"buyCount":117,"reviewPoint":{"starPoint":4.65,"reviewCount":30},"isBigSmileItem":false,"isSoldOut":false,"couponDiscount":{"discountType":"R","discountPrice":"0","discountRate":"15"},"cardDiscount":{"discountRate":0},"sellerInfo":{"sellCustNo":"155104283","sellLoginId":"emartmall2","nickname":"이마트몰쓱배송","isLmoOfficialSeller":false,"isFashionSquareSeller":false,"isBrandOfficialSeller":false},"hasOption":false,"isAdult":false,"isCartVisible":true,"discountRate":0,"sellPrice":3680,"tagLabels":[{"code":0,"text":"74"}],"buyUnitCount":1,"deliveryCode":"M","rank":74,"lcode":"100000020","mcode":"200001689","scode":"300029021"},{"itemNo":"3160847794","itemName":"국산 황옥수수 강냉이 310g","itemUrl":"https://item.gmarket.co.kr/Item?goodscode=3160847794","imageUrl":"//gdimg.gmarket.co.kr/3160847794/still/400?ver=1725134610","itemPrice":4180,"buyCount":273,"reviewPoint":{"starPoint":4.73,"reviewCount":118},"isBigSmileItem":false,"isSoldOut":false,"couponDiscount":{"discountType":"R","discountPrice":"0","discountRate":"15"},"cardDiscount":{"discountRate":0},"sellerInfo":{"sellCustNo":"155104283","sellLoginId":"emartmall2","nickname":"이마트몰쓱배송","isLmoOfficialSeller":false,"isFashionSquareSeller":false,"isBrandOfficialSeller":false},"hasOption":false,"isAdult":false,"isCartVisible":true,"discountRate":19,"sellPrice":5180,"tagLabels":[{"code":0,"text":"75"}],"buyUnitCount":1,"deliveryCode":"M","rank":75,"lcode":"100000020","mcode":"200001689","scode":"300029021"},{"itemNo":"3387164729","itemName":"96시간숙성한 찰보리쌀 1kg","itemUrl":"https://item.gmarket.co.kr/Item?goodscode=3387164729","imageUrl":"//gdimg.gmarket.co.kr/3387164729/still/400?ver=1725092635","itemPrice":8280,"buyCount":138,"reviewPoint":{"starPoint":4.69,"reviewCount":50},"isBigSmileItem":false,"isSoldOut":false,"couponDiscount":{"discountType":"R","discountPrice":"0","discountRate":"15"},"cardDiscount":{"discountRate":0},"sellerInfo":{"sellCustNo":"155104283","sellLoginId":"emartmall2","nickname":"이마트몰쓱배송","isLmoOfficialSeller":false,"isFashionSquareSeller":false,"isBrandOfficialSeller":false},"hasOption":false,"isAdult":false,"isCartVisible":true,"discountRate":0,"sellPrice":8280,"tagLabels":[{"code":0,"text":"76"}],"buyUnitCount":1,"deliveryCode":"M","rank":76,"lcode":"100000020","mcode":"200001689","scode":"300029022"},{"itemNo":"2518917967","itemName":"96시간 숙성하여 맛이 깊고 부드러운 서리태 500g","itemUrl":"https://item.gmarket.co.kr/Item?goodscode=2518917967","imageUrl":"//gdimg.gmarket.co.kr/2518917967/still/400?ver=1725099704","itemPrice":9380,"buyCount":1374,"reviewPoint":{"starPoint":4.73,"reviewCount":548},"isBigSmileItem":false,"isSoldOut":false,"couponDiscount":{"discountType":"R","discountPrice":"0","discountRate":"15"},"cardDiscount":{"discountRate":0},"sellerInfo":{"sellCustNo":"155104283","sellLoginId":"emartmall2","nickname":"이마트몰쓱배송","isLmoOfficialSeller":false,"isFashionSquareSeller":false,"isBrandOfficialSeller":false},"hasOption":false,"isAdult":false,"isCartVisible":true,"discountRate":0,"sellPrice":9380,"tagLabels":[{"code":0,"text":"77"}],"buyUnitCount":1,"deliveryCode":"M","rank":77,"lcode":"100000020","mcode":"200001689","scode":"300008390"},{"itemNo":"2523276291","itemName":"자연주의 친환경 여주쌀 4kg","itemUrl":"https://item.gmarket.co.kr/Item?goodscode=2523276291","imageUrl":"//gdimg.gmarket.co.kr/2523276291/still/400?ver=1725100773","sdBrandName":"자연주의","itemPrice":39800,"buyCount":64,"reviewPoint":{"starPoint":4.83,"reviewCount":11},"isBigSmileItem":false,"isSoldOut":false,"couponDiscount":{"discountType":"R","discountPrice":"0","discountRate":"15"},"cardDiscount":{"discountRate":0},"sellerInfo":{"sellCustNo":"155104283","sellLoginId":"emartmall2","nickname":"이마트몰쓱배송","isLmoOfficialSeller":false,"isFashionSquareSeller":false,"isBrandOfficialSeller":false},"hasOption":false,"isAdult":false,"isCartVisible":true,"discountRate":0,"sellPrice":39800,"tagLabels":[{"code":0,"text":"78"}],"buyUnitCount":1,"deliveryCode":"M","unitPrice":{"unit":100,"unitName":"g","price":995},"rank":78,"lcode":"100000020","mcode":"200002848","scode":"300029018"},{"itemNo":"2523399874","itemName":"속까지 부드럽고 담백한 볶은 서리태 통곡물 380g","itemUrl":"https://item.gmarket.co.kr/Item?goodscode=2523399874","imageUrl":"//gdimg.gmarket.co.kr/2523399874/still/400?ver=1725120038","itemPrice":9380,"buyCount":45,"reviewPoint":{"starPoint":4.71,"reviewCount":16},"isBigSmileItem":false,"isSoldOut":false,"couponDiscount":{"discountType":"R","discountPrice":"0","discountRate":"15"},"cardDiscount":{"discountRate":0},"sellerInfo":{"sellCustNo":"155104283","sellLoginId":"emartmall2","nickname":"이마트몰쓱배송","isLmoOfficialSeller":false,"isFashionSquareSeller":false,"isBrandOfficialSeller":false},"hasOption":false,"isAdult":false,"isCartVisible":true,"discountRate":0,"sellPrice":9380,"tagLabels":[{"code":0,"text":"79"}],"buyUnitCount":1,"deliveryCode":"M","rank":79,"lcode":"100000020","mcode":"200001689","scode":"300029021"},{"itemNo":"3160847797","itemName":"곡물 마카로니 260g","itemUrl":"https://item.gmarket.co.kr/Item?goodscode=3160847797","imageUrl":"//gdimg.gmarket.co.kr/3160847797/still/400?ver=1725332360","itemPrice":4180,"buyCount":39,"reviewPoint":{"starPoint":4.8,"reviewCount":26},"isBigSmileItem":false,"isSoldOut":false,"couponDiscount":{"discountType":"R","discountPrice":"0","discountRate":"15"},"cardDiscount":{"discountRate":0},"sellerInfo":{"sellCustNo":"155104283","sellLoginId":"emartmall2","nickname":"이마트몰쓱배송","isLmoOfficialSeller":false,"isFashionSquareSeller":false,"isBrandOfficialSeller":false},"hasOption":false,"isAdult":false,"isCartVisible":true,"discountRate":19,"sellPrice":5180,"tagLabels":[{"code":0,"text":"80"}],"buyUnitCount":1,"deliveryCode":"M","rank":80,"lcode":"100000020","mcode":"200001689","scode":"300029021"},{"itemNo":"2518489593","itemName":"자연주의 무농약 찹쌀 3kg","itemUrl":"https://item.gmarket.co.kr/Item?goodscode=2518489593","imageUrl":"//gdimg.gmarket.co.kr/2518489593/still/400?ver=1725088535","itemPrice":19800,"buyCount":260,"reviewPoint":{"starPoint":4.88,"reviewCount":98},"isBigSmileItem":false,"isSoldOut":false,"couponDiscount":{"discountType":"R","discountPrice":"0","discountRate":"15"},"cardDiscount":{"discountRate":0},"sellerInfo":{"sellCustNo":"155104283","sellLoginId":"emartmall2","nickname":"이마트몰쓱배송","isLmoOfficialSeller":false,"isFashionSquareSeller":false,"isBrandOfficialSeller":false},"hasOption":false,"isAdult":false,"isCartVisible":true,"discountRate":0,"sellPrice":19800,"tagLabels":[{"code":0,"text":"81"}],"buyUnitCount":1,"deliveryCode":"M","unitPrice":{"unit":100,"unitName":"g","price":660},"rank":81,"lcode":"100000020","mcode":"200002848","scode":"300029018"},{"itemNo":"2518529200","itemName":"약콩 500g","itemUrl":"https://item.gmarket.co.kr/Item?goodscode=2518529200","imageUrl":"//gdimg.gmarket.co.kr/2518529200/still/400?ver=1725088251","itemPrice":9380,"buyCount":86,"reviewPoint":{"starPoint":4.71,"reviewCount":42},"isBigSmileItem":false,"isSoldOut":false,"couponDiscount":{"discountType":"R","discountPrice":"0","discountRate":"15"},"cardDiscount":{"discountRate":0},"sellerInfo":{"sellCustNo":"155104283","sellLoginId":"emartmall2","nickname":"이마트몰쓱배송","isLmoOfficialSeller":false,"isFashionSquareSeller":false,"isBrandOfficialSeller":false},"hasOption":false,"isAdult":false,"isCartVisible":true,"discountRate":0,"sellPrice":9380,"tagLabels":[{"code":0,"text":"82"}],"buyUnitCount":1,"deliveryCode":"M","rank":82,"lcode":"100000020","mcode":"200001689","scode":"300008390"},{"itemNo":"2518551902","itemName":"철원 오대쌀 10kg","itemUrl":"https://item.gmarket.co.kr/Item?goodscode=2518551902","imageUrl":"//gdimg.gmarket.co.kr/2518551902/still/400?ver=1725331882","itemPrice":39900,"buyCount":780,"reviewPoint":{"starPoint":4.71,"reviewCount":254},"isBigSmileItem":false,"isSoldOut":false,"couponDiscount":{"discountType":"R","discountPrice":"0","discountRate":"15"},"cardDiscount":{"discountRate":0},"sellerInfo":{"sellCustNo":"155104283","sellLoginId":"emartmall2","nickname":"이마트몰쓱배송","isLmoOfficialSeller":false,"isFashionSquareSeller":false,"isBrandOfficialSeller":false},"hasOption":false,"isAdult":false,"isCartVisible":true,"discountRate":11,"sellPrice":44900,"tagLabels":[{"code":0,"text":"83"}],"buyUnitCount":1,"deliveryCode":"M","rank":83,"lcode":"100000020","mcode":"200002848","scode":"300029019"},{"itemNo":"2518852685","itemName":"돼지감자현미 2kg","itemUrl":"https://item.gmarket.co.kr/Item?goodscode=2518852685","imageUrl":"//gdimg.gmarket.co.kr/2518852685/still/400?ver=1725092282","itemPrice":8480,"buyCount":193,"reviewPoint":{"starPoint":4.77,"reviewCount":98},"isBigSmileItem":false,"isSoldOut":false,"couponDiscount":{"discountType":"R","discountPrice":"0","discountRate":"15"},"cardDiscount":{"discountRate":0},"sellerInfo":{"sellCustNo":"155104283","sellLoginId":"emartmall2","nickname":"이마트몰쓱배송","isLmoOfficialSeller":false,"isFashionSquareSeller":false,"isBrandOfficialSeller":false},"hasOption":false,"isAdult":false,"isCartVisible":true,"discountRate":19,"sellPrice":10480,"tagLabels":[{"code":0,"text":"84"}],"buyUnitCount":1,"deliveryCode":"M","rank":84,"lcode":"100000020","mcode":"200002848","scode":"300027787"},{"itemNo":"2519094519","itemName":"귀리쌀(캐나다산)4kg","itemUrl":"https://item.gmarket.co.kr/Item?goodscode=2519094519","imageUrl":"//gdimg.gmarket.co.kr/2519094519/still/400?ver=1725099900","itemPrice":8380,"buyCount":559,"reviewPoint":{"starPoint":4.63,"reviewCount":348},"isBigSmileItem":false,"isSoldOut":false,"couponDiscount":{"discountType":"R","discountPrice":"0","discountRate":"15"},"cardDiscount":{"discountRate":0},"sellerInfo":{"sellCustNo":"155104283","sellLoginId":"emartmall2","nickname":"이마트몰쓱배송","isLmoOfficialSeller":false,"isFashionSquareSeller":false,"isBrandOfficialSeller":false},"hasOption":false,"isAdult":false,"isCartVisible":true,"discountRate":0,"sellPrice":8380,"tagLabels":[{"code":0,"text":"85"}],"buyUnitCount":1,"deliveryCode":"M","rank":85,"lcode":"100000020","mcode":"200001689","scode":"300029021"},{"itemNo":"2519117584","itemName":"윤기공주 쌀 4kg","itemUrl":"https://item.gmarket.co.kr/Item?goodscode=2519117584","imageUrl":"//gdimg.gmarket.co.kr/2519117584/still/400?ver=1725117078","itemPrice":21900,"buyCount":46,"reviewPoint":{"starPoint":4.7,"reviewCount":11},"isBigSmileItem":false,"isSoldOut":false,"couponDiscount":{"discountType":"R","discountPrice":"0","discountRate":"15"},"cardDiscount":{"discountRate":0},"sellerInfo":{"sellCustNo":"155104283","sellLoginId":"emartmall2","nickname":"이마트몰쓱배송","isLmoOfficialSeller":false,"isFashionSquareSeller":false,"isBrandOfficialSeller":false},"hasOption":false,"isAdult":false,"isCartVisible":true,"discountRate":0,"sellPrice":21900,"tagLabels":[{"code":0,"text":"86"}],"buyUnitCount":1,"deliveryCode":"M","rank":86,"lcode":"100000020","mcode":"200002848","scode":"300029019"},{"itemNo":"2522432165","itemName":"서리태 콩국물 가루 450g","itemUrl":"https://item.gmarket.co.kr/Item?goodscode=2522432165","imageUrl":"//gdimg.gmarket.co.kr/2522432165/still/400?ver=1725101339","itemPrice":10480,"buyCount":174,"reviewPoint":{"starPoint":4.66,"reviewCount":97},"isBigSmileItem":false,"isSoldOut":false,"couponDiscount":{"discountType":"R","discountPrice":"0","discountRate":"15"},"cardDiscount":{"discountRate":0},"sellerInfo":{"sellCustNo":"155104283","sellLoginId":"emartmall2","nickname":"이마트몰쓱배송","isLmoOfficialSeller":false,"isFashionSquareSeller":false,"isBrandOfficialSeller":false},"hasOption":false,"isAdult":false,"isCartVisible":true,"discountRate":0,"sellPrice":10480,"tagLabels":[{"code":0,"text":"87"}],"buyUnitCount":1,"deliveryCode":"M","rank":87,"lcode":"100000020","mcode":"200001689","scode":"300029021"},{"itemNo":"2522646830","itemName":"겉보리쌀2kg","itemUrl":"https://item.gmarket.co.kr/Item?goodscode=2522646830","imageUrl":"//gdimg.gmarket.co.kr/2522646830/still/400?ver=1725103822","itemPrice":9380,"buyCount":285,"reviewPoint":{"starPoint":4.69,"reviewCount":108},"isBigSmileItem":false,"isSoldOut":false,"couponDiscount":{"discountType":"R","discountPrice":"0","discountRate":"15"},"cardDiscount":{"discountRate":0},"sellerInfo":{"sellCustNo":"155104283","sellLoginId":"emartmall2","nickname":"이마트몰쓱배송","isLmoOfficialSeller":false,"isFashionSquareSeller":false,"isBrandOfficialSeller":false},"hasOption":false,"isAdult":false,"isCartVisible":true,"discountRate":0,"sellPrice":9380,"tagLabels":[{"code":0,"text":"88"}],"buyUnitCount":1,"deliveryCode":"M","rank":88,"lcode":"100000020","mcode":"200001689","scode":"300029022"},{"itemNo":"2522648944","itemName":"흰강낭콩 500g","itemUrl":"https://item.gmarket.co.kr/Item?goodscode=2522648944","imageUrl":"//gdimg.gmarket.co.kr/2522648944/still/400?ver=1725103040","itemPrice":4180,"buyCount":93,"reviewPoint":{"starPoint":4.61,"reviewCount":41},"isBigSmileItem":false,"isSoldOut":false,"couponDiscount":{"discountType":"R","discountPrice":"0","discountRate":"15"},"cardDiscount":{"discountRate":0},"sellerInfo":{"sellCustNo":"155104283","sellLoginId":"emartmall2","nickname":"이마트몰쓱배송","isLmoOfficialSeller":false,"isFashionSquareSeller":false,"isBrandOfficialSeller":false},"hasOption":false,"isAdult":false,"isCartVisible":true,"discountRate":0,"sellPrice":4180,"tagLabels":[{"code":0,"text":"89"}],"buyUnitCount":1,"deliveryCode":"M","rank":89,"lcode":"100000020","mcode":"200001689","scode":"300029021"},{"itemNo":"2522740248","itemName":"검정콩 미숫가루 1kg","itemUrl":"https://item.gmarket.co.kr/Item?goodscode=2522740248","imageUrl":"//gdimg.gmarket.co.kr/2522740248/still/400?ver=1725104365","itemPrice":16600,"buyCount":84,"reviewPoint":{"starPoint":4.45,"reviewCount":34},"isBigSmileItem":false,"isSoldOut":false,"couponDiscount":{"discountType":"R","discountPrice":"0","discountRate":"15"},"cardDiscount":{"discountRate":0},"sellerInfo":{"sellCustNo":"155104283","sellLoginId":"emartmall2","nickname":"이마트몰쓱배송","isLmoOfficialSeller":false,"isFashionSquareSeller":false,"isBrandOfficialSeller":false},"hasOption":false,"isAdult":false,"isCartVisible":true,"discountRate":0,"sellPrice":16600,"tagLabels":[{"code":0,"text":"90"}],"buyUnitCount":1,"deliveryCode":"M","rank":90,"lcode":"100000020","mcode":"200001689","scode":"300029021"},{"itemNo":"2522866754","itemName":"오덕쌀 친들미 4kg","itemUrl":"https://item.gmarket.co.kr/Item?goodscode=2522866754","imageUrl":"//gdimg.gmarket.co.kr/2522866754/still/400?ver=1725117075","sdBrandName":"오덕쌀","itemPrice":19800,"buyCount":1037,"reviewPoint":{"starPoint":4.72,"reviewCount":540},"isBigSmileItem":false,"isSoldOut":false,"couponDiscount":{"discountType":"R","discountPrice":"0","discountRate":"15"},"cardDiscount":{"discountRate":0},"sellerInfo":{"sellCustNo":"155104283","sellLoginId":"emartmall2","nickname":"이마트몰쓱배송","isLmoOfficialSeller":false,"isFashionSquareSeller":false,"isBrandOfficialSeller":false},"hasOption":false,"isAdult":false,"isCartVisible":true,"discountRate":0,"sellPrice":19800,"tagLabels":[{"code":0,"text":"91"}],"buyUnitCount":1,"deliveryCode":"M","unitPrice":{"unit":100,"unitName":"g","price":495},"rank":91,"lcode":"100000020","mcode":"200002848","scode":"300029019"},{"itemNo":"2522881208","itemName":"유기농 찹쌀 1kg","itemUrl":"https://item.gmarket.co.kr/Item?goodscode=2522881208","imageUrl":"//gdimg.gmarket.co.kr/2522881208/still/400?ver=1725118519","itemPrice":7980,"buyCount":60,"reviewPoint":{"starPoint":4.45,"reviewCount":12},"isBigSmileItem":false,"isSoldOut":false,"couponDiscount":{"discountType":"R","discountPrice":"0","discountRate":"15"},"cardDiscount":{"discountRate":0},"sellerInfo":{"sellCustNo":"155104283","sellLoginId":"emartmall2","nickname":"이마트몰쓱배송","isLmoOfficialSeller":false,"isFashionSquareSeller":false,"isBrandOfficialSeller":false},"hasOption":false,"isAdult":false,"isCartVisible":true,"discountRate":0,"sellPrice":7980,"tagLabels":[{"code":0,"text":"92"}],"buyUnitCount":1,"deliveryCode":"M","unitPrice":{"unit":100,"unitName":"g","price":798},"rank":92,"lcode":"100000020","mcode":"200002848","scode":"300029018"},{"itemNo":"2522881983","itemName":"무농약 검정찰현미 1kg","itemUrl":"https://item.gmarket.co.kr/Item?goodscode=2522881983","imageUrl":"//gdimg.gmarket.co.kr/2522881983/still/400?ver=1725119560","sdBrandName":"월드그린","itemPrice":7980,"buyCount":70,"reviewPoint":{"starPoint":4.69,"reviewCount":16},"isBigSmileItem":false,"isSoldOut":false,"couponDiscount":{"discountType":"R","discountPrice":"0","discountRate":"15"},"cardDiscount":{"discountRate":0},"sellerInfo":{"sellCustNo":"155104283","sellLoginId":"emartmall2","nickname":"이마트몰쓱배송","isLmoOfficialSeller":false,"isFashionSquareSeller":false,"isBrandOfficialSeller":false},"hasOption":false,"isAdult":false,"isCartVisible":true,"discountRate":0,"sellPrice":7980,"tagLabels":[{"code":0,"text":"93"}],"buyUnitCount":1,"deliveryCode":"M","unitPrice":{"unit":100,"unitName":"g","price":798},"rank":93,"lcode":"100000020","mcode":"200002848","scode":"300029018"},{"itemNo":"2522887365","itemName":"무농약 찹쌀 1kg","itemUrl":"https://item.gmarket.co.kr/Item?goodscode=2522887365","imageUrl":"//gdimg.gmarket.co.kr/2522887365/still/400?ver=1725119573","sdBrandName":"월드그린","itemPrice":6980,"buyCount":144,"reviewPoint":{"starPoint":4.78,"reviewCount":36},"isBigSmileItem":false,"isSoldOut":false,"couponDiscount":{"discountType":"R","discountPrice":"0","discountRate":"15"},"cardDiscount":{"discountRate":0},"sellerInfo":{"sellCustNo":"155104283","sellLoginId":"emartmall2","nickname":"이마트몰쓱배송","isLmoOfficialSeller":false,"isFashionSquareSeller":false,"isBrandOfficialSeller":false},"hasOption":false,"isAdult":false,"isCartVisible":true,"discountRate":0,"sellPrice":6980,"tagLabels":[{"code":0,"text":"94"}],"buyUnitCount":1,"deliveryCode":"M","unitPrice":{"unit":100,"unitName":"g","price":698},"rank":94,"lcode":"100000020","mcode":"200002848","scode":"300029018"},{"itemNo":"2523276035","itemName":"자연주의 무농약 여주쌀 4kg","itemUrl":"https://item.gmarket.co.kr/Item?goodscode=2523276035","imageUrl":"//gdimg.gmarket.co.kr/2523276035/still/400?ver=1725100846","itemPrice":33800,"buyCount":112,"reviewPoint":{"starPoint":4.92,"reviewCount":23},"isBigSmileItem":false,"isSoldOut":false,"couponDiscount":{"discountType":"R","discountPrice":"0","discountRate":"15"},"cardDiscount":{"discountRate":0},"sellerInfo":{"sellCustNo":"155104283","sellLoginId":"emartmall2","nickname":"이마트몰쓱배송","isLmoOfficialSeller":false,"isFashionSquareSeller":false,"isBrandOfficialSeller":false},"hasOption":false,"isAdult":false,"isCartVisible":true,"discountRate":0,"sellPrice":33800,"tagLabels":[{"code":0,"text":"95"}],"buyUnitCount":1,"deliveryCode":"M","unitPrice":{"unit":100,"unitName":"g","price":845},"rank":95,"lcode":"100000020","mcode":"200002848","scode":"300029019"},{"itemNo":"2523341994","itemName":"귀리쉐이크730g","itemUrl":"https://item.gmarket.co.kr/Item?goodscode=2523341994","imageUrl":"//gdimg.gmarket.co.kr/2523341994/still/400?ver=1725123082","itemPrice":7280,"buyCount":107,"reviewPoint":{"starPoint":4.76,"reviewCount":22},"isBigSmileItem":false,"isSoldOut":false,"couponDiscount":{"discountType":"R","discountPrice":"0","discountRate":"15"},"cardDiscount":{"discountRate":0},"sellerInfo":{"sellCustNo":"155104283","sellLoginId":"emartmall2","nickname":"이마트몰쓱배송","isLmoOfficialSeller":false,"isFashionSquareSeller":false,"isBrandOfficialSeller":false},"hasOption":false,"isAdult":false,"isCartVisible":true,"discountRate":0,"sellPrice":7280,"tagLabels":[{"code":0,"text":"96"}],"buyUnitCount":1,"deliveryCode":"M","rank":96,"lcode":"100000020","mcode":"200001689","scode":"300029021"},{"itemNo":"2523400220","itemName":"8가지 다양한 곡물을 담은 볶은통곡물믹스 200g","itemUrl":"https://item.gmarket.co.kr/Item?goodscode=2523400220","imageUrl":"//gdimg.gmarket.co.kr/2523400220/still/400?ver=1725120944","itemPrice":3880,"buyCount":90,"reviewPoint":{"starPoint":4.36,"reviewCount":10},"isBigSmileItem":false,"isSoldOut":false,"couponDiscount":{"discountType":"R","discountPrice":"0","discountRate":"15"},"cardDiscount":{"discountRate":0},"sellerInfo":{"sellCustNo":"155104283","sellLoginId":"emartmall2","nickname":"이마트몰쓱배송","isLmoOfficialSeller":false,"isFashionSquareSeller":false,"isBrandOfficialSeller":false},"hasOption":false,"isAdult":false,"isCartVisible":true,"discountRate":0,"sellPrice":3880,"tagLabels":[{"code":0,"text":"97"}],"buyUnitCount":1,"deliveryCode":"M","rank":97,"lcode":"100000020","mcode":"200001689","scode":"300029021"},{"itemNo":"2523400371","itemName":"의성 일품쌀4kg","itemUrl":"https://item.gmarket.co.kr/Item?goodscode=2523400371","imageUrl":"//gdimg.gmarket.co.kr/2523400371/still/400?ver=1725100358","itemPrice":20900,"buyCount":427,"reviewPoint":{"starPoint":4.78,"reviewCount":109},"isBigSmileItem":false,"isSoldOut":false,"couponDiscount":{"discountType":"R","discountPrice":"0","discountRate":"15"},"cardDiscount":{"discountRate":0},"sellerInfo":{"sellCustNo":"155104283","sellLoginId":"emartmall2","nickname":"이마트몰쓱배송","isLmoOfficialSeller":false,"isFashionSquareSeller":false,"isBrandOfficialSeller":false},"hasOption":false,"isAdult":false,"isCartVisible":true,"discountRate":0,"sellPrice":20900,"tagLabels":[{"code":0,"text":"98"}],"buyUnitCount":1,"deliveryCode":"M","rank":98,"lcode":"100000020","mcode":"200002848","scode":"300029019"},{"itemNo":"2523417907","itemName":"한눈에 반한 쌀5kg","itemUrl":"https://item.gmarket.co.kr/Item?goodscode=2523417907","imageUrl":"//gdimg.gmarket.co.kr/2523417907/still/400?ver=1725100350","itemPrice":26100,"buyCount":683,"reviewPoint":{"starPoint":4.77,"reviewCount":260},"isBigSmileItem":false,"isSoldOut":false,"couponDiscount":{"discountType":"R","discountPrice":"0","discountRate":"15"},"cardDiscount":{"discountRate":0},"sellerInfo":{"sellCustNo":"155104283","sellLoginId":"emartmall2","nickname":"이마트몰쓱배송","isLmoOfficialSeller":false,"isFashionSquareSeller":false,"isBrandOfficialSeller":false},"hasOption":false,"isAdult":false,"isCartVisible":true,"discountRate":0,"sellPrice":26100,"tagLabels":[{"code":0,"text":"99"}],"buyUnitCount":1,"deliveryCode":"M","rank":99,"lcode":"100000020","mcode":"200002848","scode":"300029019"},{"itemNo":"3160862057","itemName":"고대원시곡물 호라산밀 뻥 300g","itemUrl":"https://item.gmarket.co.kr/Item?goodscode=3160862057","imageUrl":"//gdimg.gmarket.co.kr/3160862057/still/400?ver=1725163453","itemPrice":4180,"buyCount":27,"reviewPoint":{"starPoint":4.8,"reviewCount":7},"isBigSmileItem":false,"isSoldOut":false,"couponDiscount":{"discountType":"R","discountPrice":"0","discountRate":"15"},"cardDiscount":{"discountRate":0},"sellerInfo":{"sellCustNo":"155104283","sellLoginId":"emartmall2","nickname":"이마트몰쓱배송","isLmoOfficialSeller":false,"isFashionSquareSeller":false,"isBrandOfficialSeller":false},"hasOption":false,"isAdult":false,"isCartVisible":true,"discountRate":19,"sellPrice":5180,"tagLabels":[{"code":0,"text":"100"}],"buyUnitCount":1,"deliveryCode":"M","rank":100,"lcode":"100000020","mcode":"200001689","scode":"300029021"}]},"sortOption":"Popularity"},"bigSmileDay":{"isBigSmileDay":true,"bsdTagImageUrl":"//image.gmarket.co.kr/hanbando/202408/a4e449b9-22a7-4df9-aaa4-148d912fcc83.png","bsdTagAltText":"한가위 빅세일","bsdToggleText":"//image.gmarket.co.kr/hanbando/202408/59082f4f-8cf6-4b62-b345-1072bb0c0d3c.gif","bsdToggleBackGround":"//image.gmarket.co.kr/hanbando/202408/7911f573-e13d-4fcc-80de-3c1fbed2bfdb.png","bsdToggleUseSmileIcon":false,"bsdToggleOnAltText":"한가위 빅세일 필터 ","bsdToggleOffAltText":"한가위 빅세일 필터 "},"isSFC":false}},"__N_SSP":true},"page":"/n/smilefresh/best","query":{"categoryCode":"100001007"},"buildId":"FuleE6RJUYphys9RuEDG0","assetPrefix":"/n/smilefresh","isFallback":false,"gssp":true,"customServer":true,"scriptLoader":[]}</script><script>(function(){function c(){var b=a.contentDocument||a.contentWindow.document;if(b){var d=b.createElement('script');d.innerHTML="window.__CF$cv$params={r:'8bea7552ab6da7dd',t:'MTcyNTU4Mzc1Ny4wMDAwMDA='};var a=document.createElement('script');a.nonce='';a.src='/cdn-cgi/challenge-platform/scripts/jsd/main.js';document.getElementsByTagName('head')[0].appendChild(a);";b.getElementsByTagName('head')[0].appendChild(d)}}if(document.body){var a=document.createElement('iframe');a.height=1;a.width=1;a.style.position='absolute';a.style.top=0;a.style.left=0;a.style.border='none';a.style.visibility='hidden';document.body.appendChild(a);if('loading'!==document.readyState)c();else if(window.addEventListener)document.addEventListener('DOMContentLoaded',c);else{var e=document.onreadystatechange||function(){};document.onreadystatechange=function(b){e(b);'loading'!==document.readyState&&(document.onreadystatechange=e,c())}}}})();</script></body></html>