<!DOCTYPE html><html lang="ko" class="no-js platform__web os__windows"><head><meta name="viewport" content="width=1260"/><meta charSet="utf-8"/><meta http-equiv="X-UA-Compatible" content="ie=edge"/><meta name="msapplication-starturl" content="https://www.gmarket.co.kr/n/smilefresh"/><meta property="og:site_name" content="Gmarket"/><meta property="og:title" content="[G마켓] 스마일프레시"/><meta property="og:type" content="website"/><meta property="og:image" content="http://pics.gmarket.co.kr/share/G_smilefresh_1.0.png"/><meta http-equiv="x-dns-prefetch-control" content="on"/><link rel="dns-prefetch" href="https://pics.gmarket.co.kr/"/><link rel="dns-prefetch" href="https://script.gmarket.co.kr/"/><link rel="dns-prefetch" href="https://image.gmarket.co.kr/"/><link rel="dns-prefetch" href="https://gdimg.gmarket.co.kr/"/><link rel="dns-prefetch" href="https://ad-img.gmarket.com/"/><meta name="p:domain_verify" content="f439a07b31c110a1a16c9a468a630af9"/><meta property="fb:admins" content="100000991027914"/><link rel="apple-touch-icon-precomposed" href="http://image.gmarket.co.kr/Gmarket_Mobile_v2/icon_01.png"/><link rel="shortcut icon" href="https://image.gmarket.co.kr/favicon/gmarket.ico"/><link rel="stylesheet" href="https://script.gmarket.co.kr/pc/css/ko/common.css"/><link rel="stylesheet" href="https://script.gmarket.co.kr/pc/css/common/kr/ui/common.css"/><link rel="stylesheet" href="https://script.gmarket.co.kr/pc/css/common/kr/swiper.min.css"/><link rel="stylesheet" href="https://script.gmarket.co.kr/pc/css/application/kr/smilefresh/app.css"/><link rel="stylesheet" href="https://script.gmarket.co.kr/pc/css/common/kr/ui/desktop_layout.css"/><link rel="preload" as="script" href="https://script.gmarket.co.kr/mobile/js/common/kr/util/viewability.js"/><link rel="preload" as="script" href="https://script.gmarket.co.kr/js/common/ats_gmkt.js"/><link rel="preload" as="script" href="https://script.gmarket.co.kr/fnp/desktop-layout.js"/><style>img[class*=no-js],.swiper-lazy.swiper-lazy-loaded{opacity:1;transition:opacity 0.2s;}img[src^=data],.swiper-lazy{opacity:0;}</style><title>스마일프레시 - 생수/음료 베스트</title><meta name="description" content="스마일프레시 베스트 상품입니다."/><meta property="og:description" content="스마일프레시 베스트 상품입니다."/><meta property="og:url" content="https://www.gmarket.co.kr/n/smilefresh/best?categoryCode=100001032"/><link rel="canonical" href="best@categoryCode=100001032.html"/><link rel="alternate" media="only screen and (max-width: 640px)" href="https://m.gmarket.co.kr/n/smilefresh/best?categoryCode=100001032"/><meta name="next-head-count" content="33"/><noscript data-n-css=""></noscript><script defer="" nomodule="" src="_next/static/chunks/polyfills-c67a75d1b6f99dc8.js"></script><script defer="" nomodule="" src="_next/static/chunks/polyfills-next-pack-2cc6155c435f3c28.js"></script><script src="_next/static/chunks/webpack-d1ca374413357f9c.js" defer=""></script><script src="_next/static/chunks/framework-0bff4c72fef67389.js" defer=""></script><script src="_next/static/chunks/main-92a66ce9cd5c1b79.js" defer=""></script><script src="_next/static/chunks/pages/_app-e41d5dd9fd26cf09.js" defer=""></script><script src="_next/static/chunks/94a7ad86-beff1d5f4916f37c.js" defer=""></script><script src="_next/static/chunks/c30a072d-b284a345e70d4a79.js" defer=""></script><script src="_next/static/chunks/971-4b1e901bc43526de.js" defer=""></script><script src="_next/static/chunks/765-5e6e5dea54f3191b.js" defer=""></script><script src="_next/static/chunks/186-c103d92344bdb142.js" defer=""></script><script src="_next/static/chunks/29-aeaaef68278b881e.js" defer=""></script><script src="_next/static/chunks/401-32b649bde914004a.js" defer=""></script><script src="_next/static/chunks/233-03ce063c0eec1686.js" defer=""></script><script src="_next/static/chunks/815-fa1dc9d1dbff1188.js" defer=""></script><script src="_next/static/chunks/pages/n/smilefresh/best-cd815d43e763bcd5.js" defer=""></script><script src="_next/static/FuleE6RJUYphys9RuEDG0/_buildManifest.js" defer=""></script><script src="_next/static/FuleE6RJUYphys9RuEDG0/_ssgManifest.js" defer=""></script></head><body class="smilefresh"><script>document.documentElement.className = document.documentElement.className.replace('no-js', 'js');</script><noscript><iframe src="https://www.googletagmanager.com/ns.html?id=GTM-MFMM9GV" height="0" width="0" style="display:none;visibility:hidden" title="smilefresh"></iframe></noscript><div id="__next" data-reactroot=""><div id="skip-navigation" class="skip-navigation-simpleheader"><strong class="for-a11y">스킵 네비게이션</strong><ul><li><a href="best@categoryCode=100001032.html#skip-navigation-search">검색창 바로가기</a></li><li><a href="best@categoryCode=100001032.html#button__category-all">전체카테고리 바로가기</a></li><li><a href="best@categoryCode=100001032.html#container">본문 바로가기</a></li></ul></div><div style="min-height:40px"></div><h2 class="for-a11y">스마일프레시 검색창</h2><div id="smile_gnb" class="smilefresh_gnb" role="complementary" style="position:relative;top:0;z-index:400"><div class="gnb_container"><div class="layout_left"><div id="_smilelnb" class="corenavi navi_allmenu"><button type="button" class="navi_opener" aria-label="스마일프레시 카테고리 메뉴" aria-expanded="false" aria-controls="smiledelivery_category_list"><p class="for-a11y">전체메뉴</p><em class="ico_hambugermenu"><span class="line1"></span><span class="line2"></span><span class="line3"></span></em></button></div><h1><a title="스마일프레시" href="../smilefresh.html"><img src="https://pics.gmarket.co.kr/pc/single/kr/smilefresh/logo_smilefresh.png" height="32" alt="스마일프레시"/></a></h1><div class="smile_search"><form method="get" action="https://www.gmarket.co.kr/n/smilefresh/search"><div class="search_box"><input type="text" class="search_input_keyword" name="keyword" title="검색어입력" aria-label="스마일프레시 검색 입력" autoComplete="off" spellcheck="false" autoCorrect="off" autoCapitalize="off" value=""/><input type="submit" value="검색" class="search_btn_ok sp_sd" style="cursor:pointer"/></div><div class="suggestion_search"></div></form></div></div><div class="layout_right"><a href="https://myg.gmarket.co.kr/ContractList/ContractList" class="link__my sp_sd--before">장본내역</a><div class="cart_guage"><a href="https://cart.gmarket.co.kr/ko/cart/smilefresh" class="cart sp_sd"><span class="for-a11y">장바구니</span></a><span class="for-a11y">장바구니에 담긴 상품수</span></div></div></div><div class="box__smilefresh"><div class="box__smilefresh-inner"><ul class="list__tab" aria-label="스마일프레시 메뉴"><li><a class="link__tab" href="../smilefresh.html">홈</a></li><li><a class="link__tab" href="brand.html">브랜드</a></li><li><a class="link__tab link__tab--active" aria-current="page" href="best.html">베스트</a></li><li><a class="link__tab" href="sale.html">행사중</a></li><li><a class="link__tab" href="freq-buy.html">자주구매</a></li></ul><a href="guide.html" class="link__guide sprite__smilefresh--after">스마일프레시 알아보기</a></div></div></div><div id="content" role="main"><div class="box__component box__smilefresh-delivery"><div class="box__component-inner"><div class="box__delivery-info login"><span class="sprite__smilefresh--before text__address"><span class="text__state">로그인</span>을 진행해 주세요</span><a class="button__address" href="best@categoryCode=100001032.html">로그인</a></div></div></div><div class="box__smilefresh-content box__smilefresh-best"><div class="box__sub-category box__sub-category-type2"><div class="box__sub-category-inner"><h2 class="text__title">스마일프레시 베스트</h2><div class="box__recomend-category category_sec" role="navigation"><div class="box__inner" style="width:1220px"><div class="swiper-container"><div class="swiper-wrapper"><div class="swiper-slide"><ul class="category_slide" aria-label="스마일프레시 베스트 메뉴"><li class="list-item"><a href="best.html"><div class="img_sec"><img data-src="//pics.gmarket.co.kr/pc/single/kr/smilefresh/image__category-all.png" class="swiper-lazy" alt=""/></div><div class="box__category-name"><div class="box__category-name-inner"><span class="category_name">전체</span></div></div></a></li><li class="list-item"><a href="best@categoryCode=100000000.html"><div class="img_sec"><img data-src="https://image.gmarket.co.kr/hanbando/202209/2f7e5c38-9606-4f1a-912e-f969e22f430f.jpg" class="swiper-lazy" alt=""/></div><div class="box__category-name"><div class="box__category-name-inner"><span class="category_name">정육/계란</span></div></div></a></li><li class="list-item"><a href="best@categoryCode=100001005.html"><div class="img_sec"><img data-src="https://image.gmarket.co.kr/hanbando/202207/efc9fa9b-b4d8-4eb4-b44d-dc8a47a8c00a.jpg" class="swiper-lazy" alt=""/></div><div class="box__category-name"><div class="box__category-name-inner"><span class="category_name">과일</span></div></div></a></li><li class="list-item"><a href="best@categoryCode=100001006.html"><div class="img_sec"><img data-src="https://image.gmarket.co.kr/hanbando/202207/287cdcc7-47f4-4949-8cdf-2bfb4ff5522e.jpg" class="swiper-lazy" alt=""/></div><div class="box__category-name"><div class="box__category-name-inner"><span class="category_name">냉동/간편식</span></div></div></a></li><li class="list-item"><a href="best@categoryCode=100001007.html"><div class="img_sec"><img data-src="https://image.gmarket.co.kr/hanbando/202207/92c7e264-61a8-4e11-ab2b-d3ad8a7b3ab6.jpg" class="swiper-lazy" alt=""/></div><div class="box__category-name"><div class="box__category-name-inner"><span class="category_name">쌀/잡곡</span></div></div></a></li><li class="list-item"><a href="best@categoryCode=100001008.html"><div class="img_sec"><img data-src="https://image.gmarket.co.kr/hanbando/202209/eb8b0652-724b-465a-800a-49436a3f5435.jpg" class="swiper-lazy" alt=""/></div><div class="box__category-name"><div class="box__category-name-inner"><span class="category_name">채소/두부</span></div></div></a></li><li class="list-item"><a href="best@categoryCode=100001010.html"><div class="img_sec"><img data-src="https://image.gmarket.co.kr/hanbando/202207/9ac23369-57e8-4299-889a-4f5360cd3c28.jpg" class="swiper-lazy" alt=""/></div><div class="box__category-name"><div class="box__category-name-inner"><span class="category_name">라면/즉석식품</span></div></div></a></li><li class="list-item list-item--active"><a aria-current="page" href="best@categoryCode=100001032.html"><div class="img_sec"><img data-src="https://image.gmarket.co.kr/hanbando/202207/a28bdf02-b436-4466-88de-d8f11ca54296.jpg" class="swiper-lazy" alt=""/></div><div class="box__category-name"><div class="box__category-name-inner"><span class="category_name">생수/음료</span></div></div></a></li><li class="list-item"><a href="best@categoryCode=100001033.html"><div class="img_sec"><img data-src="https://image.gmarket.co.kr/hanbando/202207/fd43d2b2-4f77-4e2c-b5da-58d24b91d95b.jpg" class="swiper-lazy" alt=""/></div><div class="box__category-name"><div class="box__category-name-inner"><span class="category_name">과자/아이스크림</span></div></div></a></li><li class="list-item"><a href="best@categoryCode=100001034.html"><div class="img_sec"><img data-src="https://image.gmarket.co.kr/hanbando/202207/f5f1f7ed-e6a5-4ecd-ac66-aa87756158c2.jpg" class="swiper-lazy" alt=""/></div><div class="box__category-name"><div class="box__category-name-inner"><span class="category_name">우유/유제품</span></div></div></a></li><li class="list-item"><a href="best@categoryCode=100001035.html"><div class="img_sec"><img data-src="https://image.gmarket.co.kr/hanbando/202207/089a0e40-92de-4a0e-a8cb-2a18f78c5691.jpg" class="swiper-lazy" alt=""/></div><div class="box__category-name"><div class="box__category-name-inner"><span class="category_name">장류/양념</span></div></div></a></li><li class="list-item"><a href="best@categoryCode=100001036.html"><div class="img_sec"><img data-src="https://image.gmarket.co.kr/hanbando/202207/a5b62bcd-46b5-4059-bb1b-e01878b77ef4.jpg" class="swiper-lazy" alt=""/></div><div class="box__category-name"><div class="box__category-name-inner"><span class="category_name">화장지/위생</span></div></div></a></li></ul></div><div class="swiper-slide"><ul class="category_slide" aria-label="스마일프레시 베스트 메뉴"><li class="list-item"><a href="best@categoryCode=100001037.html"><div class="img_sec"><img data-src="https://image.gmarket.co.kr/hanbando/202207/c5b6a09a-4955-4829-94d6-c62f818f2f34.jpg" class="swiper-lazy" alt=""/></div><div class="box__category-name"><div class="box__category-name-inner"><span class="category_name">커피/차</span></div></div></a></li><li class="list-item"><a href="best@categoryCode=100001038.html"><div class="img_sec"><img data-src="https://image.gmarket.co.kr/hanbando/202207/23143aa7-715d-4778-8b1e-ab87422a8d3a.jpg" class="swiper-lazy" alt=""/></div><div class="box__category-name"><div class="box__category-name-inner"><span class="category_name">수산물</span></div></div></a></li><li class="list-item"><a href="best@categoryCode=100001039.html"><div class="img_sec"><img data-src="https://image.gmarket.co.kr/hanbando/202207/85d41348-f077-4b90-b0ff-3599d16216b2.jpg" class="swiper-lazy" alt=""/></div><div class="box__category-name"><div class="box__category-name-inner"><span class="category_name">밀키트/반찬</span></div></div></a></li><li class="list-item"><a href="best@categoryCode=100002000.html"><div class="img_sec"><img data-src="https://image.gmarket.co.kr/hanbando/202208/ea1ecb73-6a2c-45f7-8a89-2e130b634a99.jpg" class="swiper-lazy" alt=""/></div><div class="box__category-name"><div class="box__category-name-inner"><span class="category_name">베이커리/잼</span></div></div></a></li><li class="list-item"><a href="best@categoryCode=100002001.html"><div class="img_sec"><img data-src="https://image.gmarket.co.kr/hanbando/202208/7088de74-301b-48ef-911c-f33ed6a22f9b.jpg" class="swiper-lazy" alt=""/></div><div class="box__category-name"><div class="box__category-name-inner"><span class="category_name">건강식품</span></div></div></a></li><li class="list-item"><a href="best@categoryCode=100002002.html"><div class="img_sec"><img data-src="https://image.gmarket.co.kr/hanbando/202208/39888525-4f61-453f-865c-83b6ca536b58.jpg" class="swiper-lazy" alt=""/></div><div class="box__category-name"><div class="box__category-name-inner"><span class="category_name">세탁/청소/욕실용품</span></div></div></a></li><li class="list-item"><a href="best@categoryCode=100002003.html"><div class="img_sec"><img data-src="https://image.gmarket.co.kr/hanbando/202208/a9484e1d-492e-4ab4-84db-1a387177dcbf.jpg" class="swiper-lazy" alt=""/></div><div class="box__category-name"><div class="box__category-name-inner"><span class="category_name">리빙</span></div></div></a></li><li class="list-item"><a href="best@categoryCode=100002004.html"><div class="img_sec"><img data-src="https://image.gmarket.co.kr/hanbando/202208/e0d7614a-763e-4d90-b696-b20c76e890ca.jpg" class="swiper-lazy" alt=""/></div><div class="box__category-name"><div class="box__category-name-inner"><span class="category_name">주방/일회용품</span></div></div></a></li><li class="list-item"><a href="best@categoryCode=100002005.html"><div class="img_sec"><img data-src="https://image.gmarket.co.kr/hanbando/202208/231a3b36-5d05-467d-a33a-8651b9cf19c6.jpg" class="swiper-lazy" alt=""/></div><div class="box__category-name"><div class="box__category-name-inner"><span class="category_name">생활잡화/공구</span></div></div></a></li><li class="list-item"><a href="best@categoryCode=100002006.html"><div class="img_sec"><img data-src="https://image.gmarket.co.kr/hanbando/202208/692a0b18-2063-4f86-a0af-3f7bbee09696.jpg" class="swiper-lazy" alt=""/></div><div class="box__category-name"><div class="box__category-name-inner"><span class="category_name">반려동물</span></div></div></a></li><li class="list-item"><a href="best@categoryCode=100002007.html"><div class="img_sec"><img data-src="https://image.gmarket.co.kr/hanbando/202208/ba755a2e-4a11-472c-92f0-6b82f671b1f8.jpg" class="swiper-lazy" alt=""/></div><div class="box__category-name"><div class="box__category-name-inner"><span class="category_name">뷰티</span></div></div></a></li><li class="list-item"><a href="best@categoryCode=100002008.html"><div class="img_sec"><img data-src="https://image.gmarket.co.kr/hanbando/202208/fd6fb0fe-4f81-48ea-bec2-5cc37db6fa18.jpg" class="swiper-lazy" alt=""/></div><div class="box__category-name"><div class="box__category-name-inner"><span class="category_name">유아동/출산/완구</span></div></div></a></li></ul></div><div class="swiper-slide"><ul class="category_slide" aria-label="스마일프레시 베스트 메뉴"><li class="list-item"><a href="best@categoryCode=100002009.html"><div class="img_sec"><img data-src="https://image.gmarket.co.kr/hanbando/202208/315ccf35-b333-4017-b664-ccb1ba966ef0.jpg" class="swiper-lazy" alt=""/></div><div class="box__category-name"><div class="box__category-name-inner"><span class="category_name">패션/언더웨어</span></div></div></a></li><li class="list-item"><a href="best@categoryCode=100002010.html"><div class="img_sec"><img data-src="https://image.gmarket.co.kr/hanbando/202208/30fc0d1d-ea15-4e02-8f50-f144d06423ca.jpg" class="swiper-lazy" alt=""/></div><div class="box__category-name"><div class="box__category-name-inner"><span class="category_name">잡화/슈즈/명품</span></div></div></a></li><li class="list-item"><a href="best@categoryCode=100002011.html"><div class="img_sec"><img data-src="https://image.gmarket.co.kr/hanbando/202208/fa99b668-5f13-496e-a62d-dce329ead7cc.jpg" class="swiper-lazy" alt=""/></div><div class="box__category-name"><div class="box__category-name-inner"><span class="category_name">스포츠/레저/자동차</span></div></div></a></li><li class="list-item"><a href="best@categoryCode=100002012.html"><div class="img_sec"><img data-src="https://image.gmarket.co.kr/hanbando/202208/f38a6d26-1cc0-4b33-bf23-f933c2190252.jpg" class="swiper-lazy" alt=""/></div><div class="box__category-name"><div class="box__category-name-inner"><span class="category_name">디지털/가전</span></div></div></a></li><li class="list-item"><a href="best@categoryCode=100002013.html"><div class="img_sec"><img data-src="https://image.gmarket.co.kr/hanbando/202208/edd14751-f54a-48ff-ae9a-15a33b10c06c.jpg" class="swiper-lazy" alt=""/></div><div class="box__category-name"><div class="box__category-name-inner"><span class="category_name">문구/취미/도서</span></div></div></a></li><li class="list-item"><a href="best.html"><div class="img_sec"><img data-src="//pics.gmarket.co.kr/pc/single/kr/smilefresh/image__category-all.png" class="swiper-lazy" alt=""/></div><div class="box__category-name"><div class="box__category-name-inner"><span class="category_name">전체</span></div></div></a></li><li class="list-item"><a href="best@categoryCode=100000000.html"><div class="img_sec"><img data-src="https://image.gmarket.co.kr/hanbando/202209/2f7e5c38-9606-4f1a-912e-f969e22f430f.jpg" class="swiper-lazy" alt=""/></div><div class="box__category-name"><div class="box__category-name-inner"><span class="category_name">정육/계란</span></div></div></a></li><li class="list-item"><a href="best@categoryCode=100001005.html"><div class="img_sec"><img data-src="https://image.gmarket.co.kr/hanbando/202207/efc9fa9b-b4d8-4eb4-b44d-dc8a47a8c00a.jpg" class="swiper-lazy" alt=""/></div><div class="box__category-name"><div class="box__category-name-inner"><span class="category_name">과일</span></div></div></a></li><li class="list-item"><a href="best@categoryCode=100001006.html"><div class="img_sec"><img data-src="https://image.gmarket.co.kr/hanbando/202207/287cdcc7-47f4-4949-8cdf-2bfb4ff5522e.jpg" class="swiper-lazy" alt=""/></div><div class="box__category-name"><div class="box__category-name-inner"><span class="category_name">냉동/간편식</span></div></div></a></li><li class="list-item"><a href="best@categoryCode=100001007.html"><div class="img_sec"><img data-src="https://image.gmarket.co.kr/hanbando/202207/92c7e264-61a8-4e11-ab2b-d3ad8a7b3ab6.jpg" class="swiper-lazy" alt=""/></div><div class="box__category-name"><div class="box__category-name-inner"><span class="category_name">쌀/잡곡</span></div></div></a></li><li class="list-item"><a href="best@categoryCode=100001008.html"><div class="img_sec"><img data-src="https://image.gmarket.co.kr/hanbando/202209/eb8b0652-724b-465a-800a-49436a3f5435.jpg" class="swiper-lazy" alt=""/></div><div class="box__category-name"><div class="box__category-name-inner"><span class="category_name">채소/두부</span></div></div></a></li><li class="list-item"><a href="best@categoryCode=100001010.html"><div class="img_sec"><img data-src="https://image.gmarket.co.kr/hanbando/202207/9ac23369-57e8-4299-889a-4f5360cd3c28.jpg" class="swiper-lazy" alt=""/></div><div class="box__category-name"><div class="box__category-name-inner"><span class="category_name">라면/즉석식품</span></div></div></a></li></ul></div><div class="swiper-slide"><ul class="category_slide" aria-label="스마일프레시 베스트 메뉴"><li class="list-item list-item--active"><a aria-current="page" href="best@categoryCode=100001032.html"><div class="img_sec"><img data-src="https://image.gmarket.co.kr/hanbando/202207/a28bdf02-b436-4466-88de-d8f11ca54296.jpg" class="swiper-lazy" alt=""/></div><div class="box__category-name"><div class="box__category-name-inner"><span class="category_name">생수/음료</span></div></div></a></li><li class="list-item"><a href="best@categoryCode=100001033.html"><div class="img_sec"><img data-src="https://image.gmarket.co.kr/hanbando/202207/fd43d2b2-4f77-4e2c-b5da-58d24b91d95b.jpg" class="swiper-lazy" alt=""/></div><div class="box__category-name"><div class="box__category-name-inner"><span class="category_name">과자/아이스크림</span></div></div></a></li><li class="list-item"><a href="best@categoryCode=100001034.html"><div class="img_sec"><img data-src="https://image.gmarket.co.kr/hanbando/202207/f5f1f7ed-e6a5-4ecd-ac66-aa87756158c2.jpg" class="swiper-lazy" alt=""/></div><div class="box__category-name"><div class="box__category-name-inner"><span class="category_name">우유/유제품</span></div></div></a></li><li class="list-item"><a href="best@categoryCode=100001035.html"><div class="img_sec"><img data-src="https://image.gmarket.co.kr/hanbando/202207/089a0e40-92de-4a0e-a8cb-2a18f78c5691.jpg" class="swiper-lazy" alt=""/></div><div class="box__category-name"><div class="box__category-name-inner"><span class="category_name">장류/양념</span></div></div></a></li><li class="list-item"><a href="best@categoryCode=100001036.html"><div class="img_sec"><img data-src="https://image.gmarket.co.kr/hanbando/202207/a5b62bcd-46b5-4059-bb1b-e01878b77ef4.jpg" class="swiper-lazy" alt=""/></div><div class="box__category-name"><div class="box__category-name-inner"><span class="category_name">화장지/위생</span></div></div></a></li><li class="list-item"><a href="best@categoryCode=100001037.html"><div class="img_sec"><img data-src="https://image.gmarket.co.kr/hanbando/202207/c5b6a09a-4955-4829-94d6-c62f818f2f34.jpg" class="swiper-lazy" alt=""/></div><div class="box__category-name"><div class="box__category-name-inner"><span class="category_name">커피/차</span></div></div></a></li><li class="list-item"><a href="best@categoryCode=100001038.html"><div class="img_sec"><img data-src="https://image.gmarket.co.kr/hanbando/202207/23143aa7-715d-4778-8b1e-ab87422a8d3a.jpg" class="swiper-lazy" alt=""/></div><div class="box__category-name"><div class="box__category-name-inner"><span class="category_name">수산물</span></div></div></a></li><li class="list-item"><a href="best@categoryCode=100001039.html"><div class="img_sec"><img data-src="https://image.gmarket.co.kr/hanbando/202207/85d41348-f077-4b90-b0ff-3599d16216b2.jpg" class="swiper-lazy" alt=""/></div><div class="box__category-name"><div class="box__category-name-inner"><span class="category_name">밀키트/반찬</span></div></div></a></li><li class="list-item"><a href="best@categoryCode=100002000.html"><div class="img_sec"><img data-src="https://image.gmarket.co.kr/hanbando/202208/ea1ecb73-6a2c-45f7-8a89-2e130b634a99.jpg" class="swiper-lazy" alt=""/></div><div class="box__category-name"><div class="box__category-name-inner"><span class="category_name">베이커리/잼</span></div></div></a></li><li class="list-item"><a href="best@categoryCode=100002001.html"><div class="img_sec"><img data-src="https://image.gmarket.co.kr/hanbando/202208/7088de74-301b-48ef-911c-f33ed6a22f9b.jpg" class="swiper-lazy" alt=""/></div><div class="box__category-name"><div class="box__category-name-inner"><span class="category_name">건강식품</span></div></div></a></li><li class="list-item"><a href="best@categoryCode=100002002.html"><div class="img_sec"><img data-src="https://image.gmarket.co.kr/hanbando/202208/39888525-4f61-453f-865c-83b6ca536b58.jpg" class="swiper-lazy" alt=""/></div><div class="box__category-name"><div class="box__category-name-inner"><span class="category_name">세탁/청소/욕실용품</span></div></div></a></li><li class="list-item"><a href="best@categoryCode=100002003.html"><div class="img_sec"><img data-src="https://image.gmarket.co.kr/hanbando/202208/a9484e1d-492e-4ab4-84db-1a387177dcbf.jpg" class="swiper-lazy" alt=""/></div><div class="box__category-name"><div class="box__category-name-inner"><span class="category_name">리빙</span></div></div></a></li></ul></div><div class="swiper-slide"><ul class="category_slide" aria-label="스마일프레시 베스트 메뉴"><li class="list-item"><a href="best@categoryCode=100002004.html"><div class="img_sec"><img data-src="https://image.gmarket.co.kr/hanbando/202208/e0d7614a-763e-4d90-b696-b20c76e890ca.jpg" class="swiper-lazy" alt=""/></div><div class="box__category-name"><div class="box__category-name-inner"><span class="category_name">주방/일회용품</span></div></div></a></li><li class="list-item"><a href="best@categoryCode=100002005.html"><div class="img_sec"><img data-src="https://image.gmarket.co.kr/hanbando/202208/231a3b36-5d05-467d-a33a-8651b9cf19c6.jpg" class="swiper-lazy" alt=""/></div><div class="box__category-name"><div class="box__category-name-inner"><span class="category_name">생활잡화/공구</span></div></div></a></li><li class="list-item"><a href="best@categoryCode=100002006.html"><div class="img_sec"><img data-src="https://image.gmarket.co.kr/hanbando/202208/692a0b18-2063-4f86-a0af-3f7bbee09696.jpg" class="swiper-lazy" alt=""/></div><div class="box__category-name"><div class="box__category-name-inner"><span class="category_name">반려동물</span></div></div></a></li><li class="list-item"><a href="best@categoryCode=100002007.html"><div class="img_sec"><img data-src="https://image.gmarket.co.kr/hanbando/202208/ba755a2e-4a11-472c-92f0-6b82f671b1f8.jpg" class="swiper-lazy" alt=""/></div><div class="box__category-name"><div class="box__category-name-inner"><span class="category_name">뷰티</span></div></div></a></li><li class="list-item"><a href="best@categoryCode=100002008.html"><div class="img_sec"><img data-src="https://image.gmarket.co.kr/hanbando/202208/fd6fb0fe-4f81-48ea-bec2-5cc37db6fa18.jpg" class="swiper-lazy" alt=""/></div><div class="box__category-name"><div class="box__category-name-inner"><span class="category_name">유아동/출산/완구</span></div></div></a></li><li class="list-item"><a href="best@categoryCode=100002009.html"><div class="img_sec"><img data-src="https://image.gmarket.co.kr/hanbando/202208/315ccf35-b333-4017-b664-ccb1ba966ef0.jpg" class="swiper-lazy" alt=""/></div><div class="box__category-name"><div class="box__category-name-inner"><span class="category_name">패션/언더웨어</span></div></div></a></li><li class="list-item"><a href="best@categoryCode=100002010.html"><div class="img_sec"><img data-src="https://image.gmarket.co.kr/hanbando/202208/30fc0d1d-ea15-4e02-8f50-f144d06423ca.jpg" class="swiper-lazy" alt=""/></div><div class="box__category-name"><div class="box__category-name-inner"><span class="category_name">잡화/슈즈/명품</span></div></div></a></li><li class="list-item"><a href="best@categoryCode=100002011.html"><div class="img_sec"><img data-src="https://image.gmarket.co.kr/hanbando/202208/fa99b668-5f13-496e-a62d-dce329ead7cc.jpg" class="swiper-lazy" alt=""/></div><div class="box__category-name"><div class="box__category-name-inner"><span class="category_name">스포츠/레저/자동차</span></div></div></a></li><li class="list-item"><a href="best@categoryCode=100002012.html"><div class="img_sec"><img data-src="https://image.gmarket.co.kr/hanbando/202208/f38a6d26-1cc0-4b33-bf23-f933c2190252.jpg" class="swiper-lazy" alt=""/></div><div class="box__category-name"><div class="box__category-name-inner"><span class="category_name">디지털/가전</span></div></div></a></li><li class="list-item"><a href="best@categoryCode=100002013.html"><div class="img_sec"><img data-src="https://image.gmarket.co.kr/hanbando/202208/edd14751-f54a-48ff-ae9a-15a33b10c06c.jpg" class="swiper-lazy" alt=""/></div><div class="box__category-name"><div class="box__category-name-inner"><span class="category_name">문구/취미/도서</span></div></div></a></li><li class="list-item"><a href="best.html"><div class="img_sec"><img data-src="//pics.gmarket.co.kr/pc/single/kr/smilefresh/image__category-all.png" class="swiper-lazy" alt=""/></div><div class="box__category-name"><div class="box__category-name-inner"><span class="category_name">전체</span></div></div></a></li><li class="list-item"><a href="best@categoryCode=100000000.html"><div class="img_sec"><img data-src="https://image.gmarket.co.kr/hanbando/202209/2f7e5c38-9606-4f1a-912e-f969e22f430f.jpg" class="swiper-lazy" alt=""/></div><div class="box__category-name"><div class="box__category-name-inner"><span class="category_name">정육/계란</span></div></div></a></li></ul></div><div class="swiper-slide"><ul class="category_slide" aria-label="스마일프레시 베스트 메뉴"><li class="list-item"><a href="best@categoryCode=100001005.html"><div class="img_sec"><img data-src="https://image.gmarket.co.kr/hanbando/202207/efc9fa9b-b4d8-4eb4-b44d-dc8a47a8c00a.jpg" class="swiper-lazy" alt=""/></div><div class="box__category-name"><div class="box__category-name-inner"><span class="category_name">과일</span></div></div></a></li><li class="list-item"><a href="best@categoryCode=100001006.html"><div class="img_sec"><img data-src="https://image.gmarket.co.kr/hanbando/202207/287cdcc7-47f4-4949-8cdf-2bfb4ff5522e.jpg" class="swiper-lazy" alt=""/></div><div class="box__category-name"><div class="box__category-name-inner"><span class="category_name">냉동/간편식</span></div></div></a></li><li class="list-item"><a href="best@categoryCode=100001007.html"><div class="img_sec"><img data-src="https://image.gmarket.co.kr/hanbando/202207/92c7e264-61a8-4e11-ab2b-d3ad8a7b3ab6.jpg" class="swiper-lazy" alt=""/></div><div class="box__category-name"><div class="box__category-name-inner"><span class="category_name">쌀/잡곡</span></div></div></a></li><li class="list-item"><a href="best@categoryCode=100001008.html"><div class="img_sec"><img data-src="https://image.gmarket.co.kr/hanbando/202209/eb8b0652-724b-465a-800a-49436a3f5435.jpg" class="swiper-lazy" alt=""/></div><div class="box__category-name"><div class="box__category-name-inner"><span class="category_name">채소/두부</span></div></div></a></li><li class="list-item"><a href="best@categoryCode=100001010.html"><div class="img_sec"><img data-src="https://image.gmarket.co.kr/hanbando/202207/9ac23369-57e8-4299-889a-4f5360cd3c28.jpg" class="swiper-lazy" alt=""/></div><div class="box__category-name"><div class="box__category-name-inner"><span class="category_name">라면/즉석식품</span></div></div></a></li><li class="list-item list-item--active"><a aria-current="page" href="best@categoryCode=100001032.html"><div class="img_sec"><img data-src="https://image.gmarket.co.kr/hanbando/202207/a28bdf02-b436-4466-88de-d8f11ca54296.jpg" class="swiper-lazy" alt=""/></div><div class="box__category-name"><div class="box__category-name-inner"><span class="category_name">생수/음료</span></div></div></a></li><li class="list-item"><a href="best@categoryCode=100001033.html"><div class="img_sec"><img data-src="https://image.gmarket.co.kr/hanbando/202207/fd43d2b2-4f77-4e2c-b5da-58d24b91d95b.jpg" class="swiper-lazy" alt=""/></div><div class="box__category-name"><div class="box__category-name-inner"><span class="category_name">과자/아이스크림</span></div></div></a></li><li class="list-item"><a href="best@categoryCode=100001034.html"><div class="img_sec"><img data-src="https://image.gmarket.co.kr/hanbando/202207/f5f1f7ed-e6a5-4ecd-ac66-aa87756158c2.jpg" class="swiper-lazy" alt=""/></div><div class="box__category-name"><div class="box__category-name-inner"><span class="category_name">우유/유제품</span></div></div></a></li><li class="list-item"><a href="best@categoryCode=100001035.html"><div class="img_sec"><img data-src="https://image.gmarket.co.kr/hanbando/202207/089a0e40-92de-4a0e-a8cb-2a18f78c5691.jpg" class="swiper-lazy" alt=""/></div><div class="box__category-name"><div class="box__category-name-inner"><span class="category_name">장류/양념</span></div></div></a></li><li class="list-item"><a href="best@categoryCode=100001036.html"><div class="img_sec"><img data-src="https://image.gmarket.co.kr/hanbando/202207/a5b62bcd-46b5-4059-bb1b-e01878b77ef4.jpg" class="swiper-lazy" alt=""/></div><div class="box__category-name"><div class="box__category-name-inner"><span class="category_name">화장지/위생</span></div></div></a></li><li class="list-item"><a href="best@categoryCode=100001037.html"><div class="img_sec"><img data-src="https://image.gmarket.co.kr/hanbando/202207/c5b6a09a-4955-4829-94d6-c62f818f2f34.jpg" class="swiper-lazy" alt=""/></div><div class="box__category-name"><div class="box__category-name-inner"><span class="category_name">커피/차</span></div></div></a></li><li class="list-item"><a href="best@categoryCode=100001038.html"><div class="img_sec"><img data-src="https://image.gmarket.co.kr/hanbando/202207/23143aa7-715d-4778-8b1e-ab87422a8d3a.jpg" class="swiper-lazy" alt=""/></div><div class="box__category-name"><div class="box__category-name-inner"><span class="category_name">수산물</span></div></div></a></li></ul></div><div class="swiper-slide"><ul class="category_slide" aria-label="스마일프레시 베스트 메뉴"><li class="list-item"><a href="best@categoryCode=100001039.html"><div class="img_sec"><img data-src="https://image.gmarket.co.kr/hanbando/202207/85d41348-f077-4b90-b0ff-3599d16216b2.jpg" class="swiper-lazy" alt=""/></div><div class="box__category-name"><div class="box__category-name-inner"><span class="category_name">밀키트/반찬</span></div></div></a></li><li class="list-item"><a href="best@categoryCode=100002000.html"><div class="img_sec"><img data-src="https://image.gmarket.co.kr/hanbando/202208/ea1ecb73-6a2c-45f7-8a89-2e130b634a99.jpg" class="swiper-lazy" alt=""/></div><div class="box__category-name"><div class="box__category-name-inner"><span class="category_name">베이커리/잼</span></div></div></a></li><li class="list-item"><a href="best@categoryCode=100002001.html"><div class="img_sec"><img data-src="https://image.gmarket.co.kr/hanbando/202208/7088de74-301b-48ef-911c-f33ed6a22f9b.jpg" class="swiper-lazy" alt=""/></div><div class="box__category-name"><div class="box__category-name-inner"><span class="category_name">건강식품</span></div></div></a></li><li class="list-item"><a href="best@categoryCode=100002002.html"><div class="img_sec"><img data-src="https://image.gmarket.co.kr/hanbando/202208/39888525-4f61-453f-865c-83b6ca536b58.jpg" class="swiper-lazy" alt=""/></div><div class="box__category-name"><div class="box__category-name-inner"><span class="category_name">세탁/청소/욕실용품</span></div></div></a></li><li class="list-item"><a href="best@categoryCode=100002003.html"><div class="img_sec"><img data-src="https://image.gmarket.co.kr/hanbando/202208/a9484e1d-492e-4ab4-84db-1a387177dcbf.jpg" class="swiper-lazy" alt=""/></div><div class="box__category-name"><div class="box__category-name-inner"><span class="category_name">리빙</span></div></div></a></li><li class="list-item"><a href="best@categoryCode=100002004.html"><div class="img_sec"><img data-src="https://image.gmarket.co.kr/hanbando/202208/e0d7614a-763e-4d90-b696-b20c76e890ca.jpg" class="swiper-lazy" alt=""/></div><div class="box__category-name"><div class="box__category-name-inner"><span class="category_name">주방/일회용품</span></div></div></a></li><li class="list-item"><a href="best@categoryCode=100002005.html"><div class="img_sec"><img data-src="https://image.gmarket.co.kr/hanbando/202208/231a3b36-5d05-467d-a33a-8651b9cf19c6.jpg" class="swiper-lazy" alt=""/></div><div class="box__category-name"><div class="box__category-name-inner"><span class="category_name">생활잡화/공구</span></div></div></a></li><li class="list-item"><a href="best@categoryCode=100002006.html"><div class="img_sec"><img data-src="https://image.gmarket.co.kr/hanbando/202208/692a0b18-2063-4f86-a0af-3f7bbee09696.jpg" class="swiper-lazy" alt=""/></div><div class="box__category-name"><div class="box__category-name-inner"><span class="category_name">반려동물</span></div></div></a></li><li class="list-item"><a href="best@categoryCode=100002007.html"><div class="img_sec"><img data-src="https://image.gmarket.co.kr/hanbando/202208/ba755a2e-4a11-472c-92f0-6b82f671b1f8.jpg" class="swiper-lazy" alt=""/></div><div class="box__category-name"><div class="box__category-name-inner"><span class="category_name">뷰티</span></div></div></a></li><li class="list-item"><a href="best@categoryCode=100002008.html"><div class="img_sec"><img data-src="https://image.gmarket.co.kr/hanbando/202208/fd6fb0fe-4f81-48ea-bec2-5cc37db6fa18.jpg" class="swiper-lazy" alt=""/></div><div class="box__category-name"><div class="box__category-name-inner"><span class="category_name">유아동/출산/완구</span></div></div></a></li><li class="list-item"><a href="best@categoryCode=100002009.html"><div class="img_sec"><img data-src="https://image.gmarket.co.kr/hanbando/202208/315ccf35-b333-4017-b664-ccb1ba966ef0.jpg" class="swiper-lazy" alt=""/></div><div class="box__category-name"><div class="box__category-name-inner"><span class="category_name">패션/언더웨어</span></div></div></a></li><li class="list-item"><a href="best@categoryCode=100002010.html"><div class="img_sec"><img data-src="https://image.gmarket.co.kr/hanbando/202208/30fc0d1d-ea15-4e02-8f50-f144d06423ca.jpg" class="swiper-lazy" alt=""/></div><div class="box__category-name"><div class="box__category-name-inner"><span class="category_name">잡화/슈즈/명품</span></div></div></a></li></ul></div><div class="swiper-slide"><ul class="category_slide" aria-label="스마일프레시 베스트 메뉴"><li class="list-item"><a href="best@categoryCode=100002011.html"><div class="img_sec"><img data-src="https://image.gmarket.co.kr/hanbando/202208/fa99b668-5f13-496e-a62d-dce329ead7cc.jpg" class="swiper-lazy" alt=""/></div><div class="box__category-name"><div class="box__category-name-inner"><span class="category_name">스포츠/레저/자동차</span></div></div></a></li><li class="list-item"><a href="best@categoryCode=100002012.html"><div class="img_sec"><img data-src="https://image.gmarket.co.kr/hanbando/202208/f38a6d26-1cc0-4b33-bf23-f933c2190252.jpg" class="swiper-lazy" alt=""/></div><div class="box__category-name"><div class="box__category-name-inner"><span class="category_name">디지털/가전</span></div></div></a></li><li class="list-item"><a href="best@categoryCode=100002013.html"><div class="img_sec"><img data-src="https://image.gmarket.co.kr/hanbando/202208/edd14751-f54a-48ff-ae9a-15a33b10c06c.jpg" class="swiper-lazy" alt=""/></div><div class="box__category-name"><div class="box__category-name-inner"><span class="category_name">문구/취미/도서</span></div></div></a></li><li class="list-item"><a href="best.html"><div class="img_sec"><img data-src="//pics.gmarket.co.kr/pc/single/kr/smilefresh/image__category-all.png" class="swiper-lazy" alt=""/></div><div class="box__category-name"><div class="box__category-name-inner"><span class="category_name">전체</span></div></div></a></li><li class="list-item"><a href="best@categoryCode=100000000.html"><div class="img_sec"><img data-src="https://image.gmarket.co.kr/hanbando/202209/2f7e5c38-9606-4f1a-912e-f969e22f430f.jpg" class="swiper-lazy" alt=""/></div><div class="box__category-name"><div class="box__category-name-inner"><span class="category_name">정육/계란</span></div></div></a></li><li class="list-item"><a href="best@categoryCode=100001005.html"><div class="img_sec"><img data-src="https://image.gmarket.co.kr/hanbando/202207/efc9fa9b-b4d8-4eb4-b44d-dc8a47a8c00a.jpg" class="swiper-lazy" alt=""/></div><div class="box__category-name"><div class="box__category-name-inner"><span class="category_name">과일</span></div></div></a></li><li class="list-item"><a href="best@categoryCode=100001006.html"><div class="img_sec"><img data-src="https://image.gmarket.co.kr/hanbando/202207/287cdcc7-47f4-4949-8cdf-2bfb4ff5522e.jpg" class="swiper-lazy" alt=""/></div><div class="box__category-name"><div class="box__category-name-inner"><span class="category_name">냉동/간편식</span></div></div></a></li><li class="list-item"><a href="best@categoryCode=100001007.html"><div class="img_sec"><img data-src="https://image.gmarket.co.kr/hanbando/202207/92c7e264-61a8-4e11-ab2b-d3ad8a7b3ab6.jpg" class="swiper-lazy" alt=""/></div><div class="box__category-name"><div class="box__category-name-inner"><span class="category_name">쌀/잡곡</span></div></div></a></li><li class="list-item"><a href="best@categoryCode=100001008.html"><div class="img_sec"><img data-src="https://image.gmarket.co.kr/hanbando/202209/eb8b0652-724b-465a-800a-49436a3f5435.jpg" class="swiper-lazy" alt=""/></div><div class="box__category-name"><div class="box__category-name-inner"><span class="category_name">채소/두부</span></div></div></a></li><li class="list-item"><a href="best@categoryCode=100001010.html"><div class="img_sec"><img data-src="https://image.gmarket.co.kr/hanbando/202207/9ac23369-57e8-4299-889a-4f5360cd3c28.jpg" class="swiper-lazy" alt=""/></div><div class="box__category-name"><div class="box__category-name-inner"><span class="category_name">라면/즉석식품</span></div></div></a></li><li class="list-item list-item--active"><a aria-current="page" href="best@categoryCode=100001032.html"><div class="img_sec"><img data-src="https://image.gmarket.co.kr/hanbando/202207/a28bdf02-b436-4466-88de-d8f11ca54296.jpg" class="swiper-lazy" alt=""/></div><div class="box__category-name"><div class="box__category-name-inner"><span class="category_name">생수/음료</span></div></div></a></li><li class="list-item"><a href="best@categoryCode=100001033.html"><div class="img_sec"><img data-src="https://image.gmarket.co.kr/hanbando/202207/fd43d2b2-4f77-4e2c-b5da-58d24b91d95b.jpg" class="swiper-lazy" alt=""/></div><div class="box__category-name"><div class="box__category-name-inner"><span class="category_name">과자/아이스크림</span></div></div></a></li></ul></div><div class="swiper-slide"><ul class="category_slide" aria-label="스마일프레시 베스트 메뉴"><li class="list-item"><a href="best@categoryCode=100001034.html"><div class="img_sec"><img data-src="https://image.gmarket.co.kr/hanbando/202207/f5f1f7ed-e6a5-4ecd-ac66-aa87756158c2.jpg" class="swiper-lazy" alt=""/></div><div class="box__category-name"><div class="box__category-name-inner"><span class="category_name">우유/유제품</span></div></div></a></li><li class="list-item"><a href="best@categoryCode=100001035.html"><div class="img_sec"><img data-src="https://image.gmarket.co.kr/hanbando/202207/089a0e40-92de-4a0e-a8cb-2a18f78c5691.jpg" class="swiper-lazy" alt=""/></div><div class="box__category-name"><div class="box__category-name-inner"><span class="category_name">장류/양념</span></div></div></a></li><li class="list-item"><a href="best@categoryCode=100001036.html"><div class="img_sec"><img data-src="https://image.gmarket.co.kr/hanbando/202207/a5b62bcd-46b5-4059-bb1b-e01878b77ef4.jpg" class="swiper-lazy" alt=""/></div><div class="box__category-name"><div class="box__category-name-inner"><span class="category_name">화장지/위생</span></div></div></a></li><li class="list-item"><a href="best@categoryCode=100001037.html"><div class="img_sec"><img data-src="https://image.gmarket.co.kr/hanbando/202207/c5b6a09a-4955-4829-94d6-c62f818f2f34.jpg" class="swiper-lazy" alt=""/></div><div class="box__category-name"><div class="box__category-name-inner"><span class="category_name">커피/차</span></div></div></a></li><li class="list-item"><a href="best@categoryCode=100001038.html"><div class="img_sec"><img data-src="https://image.gmarket.co.kr/hanbando/202207/23143aa7-715d-4778-8b1e-ab87422a8d3a.jpg" class="swiper-lazy" alt=""/></div><div class="box__category-name"><div class="box__category-name-inner"><span class="category_name">수산물</span></div></div></a></li><li class="list-item"><a href="best@categoryCode=100001039.html"><div class="img_sec"><img data-src="https://image.gmarket.co.kr/hanbando/202207/85d41348-f077-4b90-b0ff-3599d16216b2.jpg" class="swiper-lazy" alt=""/></div><div class="box__category-name"><div class="box__category-name-inner"><span class="category_name">밀키트/반찬</span></div></div></a></li><li class="list-item"><a href="best@categoryCode=100002000.html"><div class="img_sec"><img data-src="https://image.gmarket.co.kr/hanbando/202208/ea1ecb73-6a2c-45f7-8a89-2e130b634a99.jpg" class="swiper-lazy" alt=""/></div><div class="box__category-name"><div class="box__category-name-inner"><span class="category_name">베이커리/잼</span></div></div></a></li><li class="list-item"><a href="best@categoryCode=100002001.html"><div class="img_sec"><img data-src="https://image.gmarket.co.kr/hanbando/202208/7088de74-301b-48ef-911c-f33ed6a22f9b.jpg" class="swiper-lazy" alt=""/></div><div class="box__category-name"><div class="box__category-name-inner"><span class="category_name">건강식품</span></div></div></a></li><li class="list-item"><a href="best@categoryCode=100002002.html"><div class="img_sec"><img data-src="https://image.gmarket.co.kr/hanbando/202208/39888525-4f61-453f-865c-83b6ca536b58.jpg" class="swiper-lazy" alt=""/></div><div class="box__category-name"><div class="box__category-name-inner"><span class="category_name">세탁/청소/욕실용품</span></div></div></a></li><li class="list-item"><a href="best@categoryCode=100002003.html"><div class="img_sec"><img data-src="https://image.gmarket.co.kr/hanbando/202208/a9484e1d-492e-4ab4-84db-1a387177dcbf.jpg" class="swiper-lazy" alt=""/></div><div class="box__category-name"><div class="box__category-name-inner"><span class="category_name">리빙</span></div></div></a></li><li class="list-item"><a href="best@categoryCode=100002004.html"><div class="img_sec"><img data-src="https://image.gmarket.co.kr/hanbando/202208/e0d7614a-763e-4d90-b696-b20c76e890ca.jpg" class="swiper-lazy" alt=""/></div><div class="box__category-name"><div class="box__category-name-inner"><span class="category_name">주방/일회용품</span></div></div></a></li><li class="list-item"><a href="best@categoryCode=100002005.html"><div class="img_sec"><img data-src="https://image.gmarket.co.kr/hanbando/202208/231a3b36-5d05-467d-a33a-8651b9cf19c6.jpg" class="swiper-lazy" alt=""/></div><div class="box__category-name"><div class="box__category-name-inner"><span class="category_name">생활잡화/공구</span></div></div></a></li></ul></div><div class="swiper-slide"><ul class="category_slide" aria-label="스마일프레시 베스트 메뉴"><li class="list-item"><a href="best@categoryCode=100002006.html"><div class="img_sec"><img data-src="https://image.gmarket.co.kr/hanbando/202208/692a0b18-2063-4f86-a0af-3f7bbee09696.jpg" class="swiper-lazy" alt=""/></div><div class="box__category-name"><div class="box__category-name-inner"><span class="category_name">반려동물</span></div></div></a></li><li class="list-item"><a href="best@categoryCode=100002007.html"><div class="img_sec"><img data-src="https://image.gmarket.co.kr/hanbando/202208/ba755a2e-4a11-472c-92f0-6b82f671b1f8.jpg" class="swiper-lazy" alt=""/></div><div class="box__category-name"><div class="box__category-name-inner"><span class="category_name">뷰티</span></div></div></a></li><li class="list-item"><a href="best@categoryCode=100002008.html"><div class="img_sec"><img data-src="https://image.gmarket.co.kr/hanbando/202208/fd6fb0fe-4f81-48ea-bec2-5cc37db6fa18.jpg" class="swiper-lazy" alt=""/></div><div class="box__category-name"><div class="box__category-name-inner"><span class="category_name">유아동/출산/완구</span></div></div></a></li><li class="list-item"><a href="best@categoryCode=100002009.html"><div class="img_sec"><img data-src="https://image.gmarket.co.kr/hanbando/202208/315ccf35-b333-4017-b664-ccb1ba966ef0.jpg" class="swiper-lazy" alt=""/></div><div class="box__category-name"><div class="box__category-name-inner"><span class="category_name">패션/언더웨어</span></div></div></a></li><li class="list-item"><a href="best@categoryCode=100002010.html"><div class="img_sec"><img data-src="https://image.gmarket.co.kr/hanbando/202208/30fc0d1d-ea15-4e02-8f50-f144d06423ca.jpg" class="swiper-lazy" alt=""/></div><div class="box__category-name"><div class="box__category-name-inner"><span class="category_name">잡화/슈즈/명품</span></div></div></a></li><li class="list-item"><a href="best@categoryCode=100002011.html"><div class="img_sec"><img data-src="https://image.gmarket.co.kr/hanbando/202208/fa99b668-5f13-496e-a62d-dce329ead7cc.jpg" class="swiper-lazy" alt=""/></div><div class="box__category-name"><div class="box__category-name-inner"><span class="category_name">스포츠/레저/자동차</span></div></div></a></li><li class="list-item"><a href="best@categoryCode=100002012.html"><div class="img_sec"><img data-src="https://image.gmarket.co.kr/hanbando/202208/f38a6d26-1cc0-4b33-bf23-f933c2190252.jpg" class="swiper-lazy" alt=""/></div><div class="box__category-name"><div class="box__category-name-inner"><span class="category_name">디지털/가전</span></div></div></a></li><li class="list-item"><a href="best@categoryCode=100002013.html"><div class="img_sec"><img data-src="https://image.gmarket.co.kr/hanbando/202208/edd14751-f54a-48ff-ae9a-15a33b10c06c.jpg" class="swiper-lazy" alt=""/></div><div class="box__category-name"><div class="box__category-name-inner"><span class="category_name">문구/취미/도서</span></div></div></a></li><li class="list-item"><a href="best.html"><div class="img_sec"><img data-src="//pics.gmarket.co.kr/pc/single/kr/smilefresh/image__category-all.png" class="swiper-lazy" alt=""/></div><div class="box__category-name"><div class="box__category-name-inner"><span class="category_name">전체</span></div></div></a></li><li class="list-item"><a href="best@categoryCode=100000000.html"><div class="img_sec"><img data-src="https://image.gmarket.co.kr/hanbando/202209/2f7e5c38-9606-4f1a-912e-f969e22f430f.jpg" class="swiper-lazy" alt=""/></div><div class="box__category-name"><div class="box__category-name-inner"><span class="category_name">정육/계란</span></div></div></a></li><li class="list-item"><a href="best@categoryCode=100001005.html"><div class="img_sec"><img data-src="https://image.gmarket.co.kr/hanbando/202207/efc9fa9b-b4d8-4eb4-b44d-dc8a47a8c00a.jpg" class="swiper-lazy" alt=""/></div><div class="box__category-name"><div class="box__category-name-inner"><span class="category_name">과일</span></div></div></a></li><li class="list-item"><a href="best@categoryCode=100001006.html"><div class="img_sec"><img data-src="https://image.gmarket.co.kr/hanbando/202207/287cdcc7-47f4-4949-8cdf-2bfb4ff5522e.jpg" class="swiper-lazy" alt=""/></div><div class="box__category-name"><div class="box__category-name-inner"><span class="category_name">냉동/간편식</span></div></div></a></li></ul></div><div class="swiper-slide"><ul class="category_slide" aria-label="스마일프레시 베스트 메뉴"><li class="list-item"><a href="best@categoryCode=100001007.html"><div class="img_sec"><img data-src="https://image.gmarket.co.kr/hanbando/202207/92c7e264-61a8-4e11-ab2b-d3ad8a7b3ab6.jpg" class="swiper-lazy" alt=""/></div><div class="box__category-name"><div class="box__category-name-inner"><span class="category_name">쌀/잡곡</span></div></div></a></li><li class="list-item"><a href="best@categoryCode=100001008.html"><div class="img_sec"><img data-src="https://image.gmarket.co.kr/hanbando/202209/eb8b0652-724b-465a-800a-49436a3f5435.jpg" class="swiper-lazy" alt=""/></div><div class="box__category-name"><div class="box__category-name-inner"><span class="category_name">채소/두부</span></div></div></a></li><li class="list-item"><a href="best@categoryCode=100001010.html"><div class="img_sec"><img data-src="https://image.gmarket.co.kr/hanbando/202207/9ac23369-57e8-4299-889a-4f5360cd3c28.jpg" class="swiper-lazy" alt=""/></div><div class="box__category-name"><div class="box__category-name-inner"><span class="category_name">라면/즉석식품</span></div></div></a></li><li class="list-item list-item--active"><a aria-current="page" href="best@categoryCode=100001032.html"><div class="img_sec"><img data-src="https://image.gmarket.co.kr/hanbando/202207/a28bdf02-b436-4466-88de-d8f11ca54296.jpg" class="swiper-lazy" alt=""/></div><div class="box__category-name"><div class="box__category-name-inner"><span class="category_name">생수/음료</span></div></div></a></li><li class="list-item"><a href="best@categoryCode=100001033.html"><div class="img_sec"><img data-src="https://image.gmarket.co.kr/hanbando/202207/fd43d2b2-4f77-4e2c-b5da-58d24b91d95b.jpg" class="swiper-lazy" alt=""/></div><div class="box__category-name"><div class="box__category-name-inner"><span class="category_name">과자/아이스크림</span></div></div></a></li><li class="list-item"><a href="best@categoryCode=100001034.html"><div class="img_sec"><img data-src="https://image.gmarket.co.kr/hanbando/202207/f5f1f7ed-e6a5-4ecd-ac66-aa87756158c2.jpg" class="swiper-lazy" alt=""/></div><div class="box__category-name"><div class="box__category-name-inner"><span class="category_name">우유/유제품</span></div></div></a></li><li class="list-item"><a href="best@categoryCode=100001035.html"><div class="img_sec"><img data-src="https://image.gmarket.co.kr/hanbando/202207/089a0e40-92de-4a0e-a8cb-2a18f78c5691.jpg" class="swiper-lazy" alt=""/></div><div class="box__category-name"><div class="box__category-name-inner"><span class="category_name">장류/양념</span></div></div></a></li><li class="list-item"><a href="best@categoryCode=100001036.html"><div class="img_sec"><img data-src="https://image.gmarket.co.kr/hanbando/202207/a5b62bcd-46b5-4059-bb1b-e01878b77ef4.jpg" class="swiper-lazy" alt=""/></div><div class="box__category-name"><div class="box__category-name-inner"><span class="category_name">화장지/위생</span></div></div></a></li><li class="list-item"><a href="best@categoryCode=100001037.html"><div class="img_sec"><img data-src="https://image.gmarket.co.kr/hanbando/202207/c5b6a09a-4955-4829-94d6-c62f818f2f34.jpg" class="swiper-lazy" alt=""/></div><div class="box__category-name"><div class="box__category-name-inner"><span class="category_name">커피/차</span></div></div></a></li><li class="list-item"><a href="best@categoryCode=100001038.html"><div class="img_sec"><img data-src="https://image.gmarket.co.kr/hanbando/202207/23143aa7-715d-4778-8b1e-ab87422a8d3a.jpg" class="swiper-lazy" alt=""/></div><div class="box__category-name"><div class="box__category-name-inner"><span class="category_name">수산물</span></div></div></a></li><li class="list-item"><a href="best@categoryCode=100001039.html"><div class="img_sec"><img data-src="https://image.gmarket.co.kr/hanbando/202207/85d41348-f077-4b90-b0ff-3599d16216b2.jpg" class="swiper-lazy" alt=""/></div><div class="box__category-name"><div class="box__category-name-inner"><span class="category_name">밀키트/반찬</span></div></div></a></li><li class="list-item"><a href="best@categoryCode=100002000.html"><div class="img_sec"><img data-src="https://image.gmarket.co.kr/hanbando/202208/ea1ecb73-6a2c-45f7-8a89-2e130b634a99.jpg" class="swiper-lazy" alt=""/></div><div class="box__category-name"><div class="box__category-name-inner"><span class="category_name">베이커리/잼</span></div></div></a></li></ul></div><div class="swiper-slide"><ul class="category_slide" aria-label="스마일프레시 베스트 메뉴"><li class="list-item"><a href="best@categoryCode=100002001.html"><div class="img_sec"><img data-src="https://image.gmarket.co.kr/hanbando/202208/7088de74-301b-48ef-911c-f33ed6a22f9b.jpg" class="swiper-lazy" alt=""/></div><div class="box__category-name"><div class="box__category-name-inner"><span class="category_name">건강식품</span></div></div></a></li><li class="list-item"><a href="best@categoryCode=100002002.html"><div class="img_sec"><img data-src="https://image.gmarket.co.kr/hanbando/202208/39888525-4f61-453f-865c-83b6ca536b58.jpg" class="swiper-lazy" alt=""/></div><div class="box__category-name"><div class="box__category-name-inner"><span class="category_name">세탁/청소/욕실용품</span></div></div></a></li><li class="list-item"><a href="best@categoryCode=100002003.html"><div class="img_sec"><img data-src="https://image.gmarket.co.kr/hanbando/202208/a9484e1d-492e-4ab4-84db-1a387177dcbf.jpg" class="swiper-lazy" alt=""/></div><div class="box__category-name"><div class="box__category-name-inner"><span class="category_name">리빙</span></div></div></a></li><li class="list-item"><a href="best@categoryCode=100002004.html"><div class="img_sec"><img data-src="https://image.gmarket.co.kr/hanbando/202208/e0d7614a-763e-4d90-b696-b20c76e890ca.jpg" class="swiper-lazy" alt=""/></div><div class="box__category-name"><div class="box__category-name-inner"><span class="category_name">주방/일회용품</span></div></div></a></li><li class="list-item"><a href="best@categoryCode=100002005.html"><div class="img_sec"><img data-src="https://image.gmarket.co.kr/hanbando/202208/231a3b36-5d05-467d-a33a-8651b9cf19c6.jpg" class="swiper-lazy" alt=""/></div><div class="box__category-name"><div class="box__category-name-inner"><span class="category_name">생활잡화/공구</span></div></div></a></li><li class="list-item"><a href="best@categoryCode=100002006.html"><div class="img_sec"><img data-src="https://image.gmarket.co.kr/hanbando/202208/692a0b18-2063-4f86-a0af-3f7bbee09696.jpg" class="swiper-lazy" alt=""/></div><div class="box__category-name"><div class="box__category-name-inner"><span class="category_name">반려동물</span></div></div></a></li><li class="list-item"><a href="best@categoryCode=100002007.html"><div class="img_sec"><img data-src="https://image.gmarket.co.kr/hanbando/202208/ba755a2e-4a11-472c-92f0-6b82f671b1f8.jpg" class="swiper-lazy" alt=""/></div><div class="box__category-name"><div class="box__category-name-inner"><span class="category_name">뷰티</span></div></div></a></li><li class="list-item"><a href="best@categoryCode=100002008.html"><div class="img_sec"><img data-src="https://image.gmarket.co.kr/hanbando/202208/fd6fb0fe-4f81-48ea-bec2-5cc37db6fa18.jpg" class="swiper-lazy" alt=""/></div><div class="box__category-name"><div class="box__category-name-inner"><span class="category_name">유아동/출산/완구</span></div></div></a></li><li class="list-item"><a href="best@categoryCode=100002009.html"><div class="img_sec"><img data-src="https://image.gmarket.co.kr/hanbando/202208/315ccf35-b333-4017-b664-ccb1ba966ef0.jpg" class="swiper-lazy" alt=""/></div><div class="box__category-name"><div class="box__category-name-inner"><span class="category_name">패션/언더웨어</span></div></div></a></li><li class="list-item"><a href="best@categoryCode=100002010.html"><div class="img_sec"><img data-src="https://image.gmarket.co.kr/hanbando/202208/30fc0d1d-ea15-4e02-8f50-f144d06423ca.jpg" class="swiper-lazy" alt=""/></div><div class="box__category-name"><div class="box__category-name-inner"><span class="category_name">잡화/슈즈/명품</span></div></div></a></li><li class="list-item"><a href="best@categoryCode=100002011.html"><div class="img_sec"><img data-src="https://image.gmarket.co.kr/hanbando/202208/fa99b668-5f13-496e-a62d-dce329ead7cc.jpg" class="swiper-lazy" alt=""/></div><div class="box__category-name"><div class="box__category-name-inner"><span class="category_name">스포츠/레저/자동차</span></div></div></a></li><li class="list-item"><a href="best@categoryCode=100002012.html"><div class="img_sec"><img data-src="https://image.gmarket.co.kr/hanbando/202208/f38a6d26-1cc0-4b33-bf23-f933c2190252.jpg" class="swiper-lazy" alt=""/></div><div class="box__category-name"><div class="box__category-name-inner"><span class="category_name">디지털/가전</span></div></div></a></li></ul></div><div class="swiper-slide"><ul class="category_slide" aria-label="스마일프레시 베스트 메뉴"><li class="list-item"><a href="best@categoryCode=100002013.html"><div class="img_sec"><img data-src="https://image.gmarket.co.kr/hanbando/202208/edd14751-f54a-48ff-ae9a-15a33b10c06c.jpg" class="swiper-lazy" alt=""/></div><div class="box__category-name"><div class="box__category-name-inner"><span class="category_name">문구/취미/도서</span></div></div></a></li><li class="list-item"><a href="best.html"><div class="img_sec"><img data-src="//pics.gmarket.co.kr/pc/single/kr/smilefresh/image__category-all.png" class="swiper-lazy" alt=""/></div><div class="box__category-name"><div class="box__category-name-inner"><span class="category_name">전체</span></div></div></a></li><li class="list-item"><a href="best@categoryCode=100000000.html"><div class="img_sec"><img data-src="https://image.gmarket.co.kr/hanbando/202209/2f7e5c38-9606-4f1a-912e-f969e22f430f.jpg" class="swiper-lazy" alt=""/></div><div class="box__category-name"><div class="box__category-name-inner"><span class="category_name">정육/계란</span></div></div></a></li><li class="list-item"><a href="best@categoryCode=100001005.html"><div class="img_sec"><img data-src="https://image.gmarket.co.kr/hanbando/202207/efc9fa9b-b4d8-4eb4-b44d-dc8a47a8c00a.jpg" class="swiper-lazy" alt=""/></div><div class="box__category-name"><div class="box__category-name-inner"><span class="category_name">과일</span></div></div></a></li><li class="list-item"><a href="best@categoryCode=100001006.html"><div class="img_sec"><img data-src="https://image.gmarket.co.kr/hanbando/202207/287cdcc7-47f4-4949-8cdf-2bfb4ff5522e.jpg" class="swiper-lazy" alt=""/></div><div class="box__category-name"><div class="box__category-name-inner"><span class="category_name">냉동/간편식</span></div></div></a></li><li class="list-item"><a href="best@categoryCode=100001007.html"><div class="img_sec"><img data-src="https://image.gmarket.co.kr/hanbando/202207/92c7e264-61a8-4e11-ab2b-d3ad8a7b3ab6.jpg" class="swiper-lazy" alt=""/></div><div class="box__category-name"><div class="box__category-name-inner"><span class="category_name">쌀/잡곡</span></div></div></a></li><li class="list-item"><a href="best@categoryCode=100001008.html"><div class="img_sec"><img data-src="https://image.gmarket.co.kr/hanbando/202209/eb8b0652-724b-465a-800a-49436a3f5435.jpg" class="swiper-lazy" alt=""/></div><div class="box__category-name"><div class="box__category-name-inner"><span class="category_name">채소/두부</span></div></div></a></li><li class="list-item"><a href="best@categoryCode=100001010.html"><div class="img_sec"><img data-src="https://image.gmarket.co.kr/hanbando/202207/9ac23369-57e8-4299-889a-4f5360cd3c28.jpg" class="swiper-lazy" alt=""/></div><div class="box__category-name"><div class="box__category-name-inner"><span class="category_name">라면/즉석식품</span></div></div></a></li><li class="list-item list-item--active"><a aria-current="page" href="best@categoryCode=100001032.html"><div class="img_sec"><img data-src="https://image.gmarket.co.kr/hanbando/202207/a28bdf02-b436-4466-88de-d8f11ca54296.jpg" class="swiper-lazy" alt=""/></div><div class="box__category-name"><div class="box__category-name-inner"><span class="category_name">생수/음료</span></div></div></a></li><li class="list-item"><a href="best@categoryCode=100001033.html"><div class="img_sec"><img data-src="https://image.gmarket.co.kr/hanbando/202207/fd43d2b2-4f77-4e2c-b5da-58d24b91d95b.jpg" class="swiper-lazy" alt=""/></div><div class="box__category-name"><div class="box__category-name-inner"><span class="category_name">과자/아이스크림</span></div></div></a></li><li class="list-item"><a href="best@categoryCode=100001034.html"><div class="img_sec"><img data-src="https://image.gmarket.co.kr/hanbando/202207/f5f1f7ed-e6a5-4ecd-ac66-aa87756158c2.jpg" class="swiper-lazy" alt=""/></div><div class="box__category-name"><div class="box__category-name-inner"><span class="category_name">우유/유제품</span></div></div></a></li><li class="list-item"><a href="best@categoryCode=100001035.html"><div class="img_sec"><img data-src="https://image.gmarket.co.kr/hanbando/202207/089a0e40-92de-4a0e-a8cb-2a18f78c5691.jpg" class="swiper-lazy" alt=""/></div><div class="box__category-name"><div class="box__category-name-inner"><span class="category_name">장류/양념</span></div></div></a></li></ul></div><div class="swiper-slide"><ul class="category_slide" aria-label="스마일프레시 베스트 메뉴"><li class="list-item"><a href="best@categoryCode=100001036.html"><div class="img_sec"><img data-src="https://image.gmarket.co.kr/hanbando/202207/a5b62bcd-46b5-4059-bb1b-e01878b77ef4.jpg" class="swiper-lazy" alt=""/></div><div class="box__category-name"><div class="box__category-name-inner"><span class="category_name">화장지/위생</span></div></div></a></li><li class="list-item"><a href="best@categoryCode=100001037.html"><div class="img_sec"><img data-src="https://image.gmarket.co.kr/hanbando/202207/c5b6a09a-4955-4829-94d6-c62f818f2f34.jpg" class="swiper-lazy" alt=""/></div><div class="box__category-name"><div class="box__category-name-inner"><span class="category_name">커피/차</span></div></div></a></li><li class="list-item"><a href="best@categoryCode=100001038.html"><div class="img_sec"><img data-src="https://image.gmarket.co.kr/hanbando/202207/23143aa7-715d-4778-8b1e-ab87422a8d3a.jpg" class="swiper-lazy" alt=""/></div><div class="box__category-name"><div class="box__category-name-inner"><span class="category_name">수산물</span></div></div></a></li><li class="list-item"><a href="best@categoryCode=100001039.html"><div class="img_sec"><img data-src="https://image.gmarket.co.kr/hanbando/202207/85d41348-f077-4b90-b0ff-3599d16216b2.jpg" class="swiper-lazy" alt=""/></div><div class="box__category-name"><div class="box__category-name-inner"><span class="category_name">밀키트/반찬</span></div></div></a></li><li class="list-item"><a href="best@categoryCode=100002000.html"><div class="img_sec"><img data-src="https://image.gmarket.co.kr/hanbando/202208/ea1ecb73-6a2c-45f7-8a89-2e130b634a99.jpg" class="swiper-lazy" alt=""/></div><div class="box__category-name"><div class="box__category-name-inner"><span class="category_name">베이커리/잼</span></div></div></a></li><li class="list-item"><a href="best@categoryCode=100002001.html"><div class="img_sec"><img data-src="https://image.gmarket.co.kr/hanbando/202208/7088de74-301b-48ef-911c-f33ed6a22f9b.jpg" class="swiper-lazy" alt=""/></div><div class="box__category-name"><div class="box__category-name-inner"><span class="category_name">건강식품</span></div></div></a></li><li class="list-item"><a href="best@categoryCode=100002002.html"><div class="img_sec"><img data-src="https://image.gmarket.co.kr/hanbando/202208/39888525-4f61-453f-865c-83b6ca536b58.jpg" class="swiper-lazy" alt=""/></div><div class="box__category-name"><div class="box__category-name-inner"><span class="category_name">세탁/청소/욕실용품</span></div></div></a></li><li class="list-item"><a href="best@categoryCode=100002003.html"><div class="img_sec"><img data-src="https://image.gmarket.co.kr/hanbando/202208/a9484e1d-492e-4ab4-84db-1a387177dcbf.jpg" class="swiper-lazy" alt=""/></div><div class="box__category-name"><div class="box__category-name-inner"><span class="category_name">리빙</span></div></div></a></li><li class="list-item"><a href="best@categoryCode=100002004.html"><div class="img_sec"><img data-src="https://image.gmarket.co.kr/hanbando/202208/e0d7614a-763e-4d90-b696-b20c76e890ca.jpg" class="swiper-lazy" alt=""/></div><div class="box__category-name"><div class="box__category-name-inner"><span class="category_name">주방/일회용품</span></div></div></a></li><li class="list-item"><a href="best@categoryCode=100002005.html"><div class="img_sec"><img data-src="https://image.gmarket.co.kr/hanbando/202208/231a3b36-5d05-467d-a33a-8651b9cf19c6.jpg" class="swiper-lazy" alt=""/></div><div class="box__category-name"><div class="box__category-name-inner"><span class="category_name">생활잡화/공구</span></div></div></a></li><li class="list-item"><a href="best@categoryCode=100002006.html"><div class="img_sec"><img data-src="https://image.gmarket.co.kr/hanbando/202208/692a0b18-2063-4f86-a0af-3f7bbee09696.jpg" class="swiper-lazy" alt=""/></div><div class="box__category-name"><div class="box__category-name-inner"><span class="category_name">반려동물</span></div></div></a></li><li class="list-item"><a href="best@categoryCode=100002007.html"><div class="img_sec"><img data-src="https://image.gmarket.co.kr/hanbando/202208/ba755a2e-4a11-472c-92f0-6b82f671b1f8.jpg" class="swiper-lazy" alt=""/></div><div class="box__category-name"><div class="box__category-name-inner"><span class="category_name">뷰티</span></div></div></a></li></ul></div><div class="swiper-slide"><ul class="category_slide" aria-label="스마일프레시 베스트 메뉴"><li class="list-item"><a href="best@categoryCode=100002008.html"><div class="img_sec"><img data-src="https://image.gmarket.co.kr/hanbando/202208/fd6fb0fe-4f81-48ea-bec2-5cc37db6fa18.jpg" class="swiper-lazy" alt=""/></div><div class="box__category-name"><div class="box__category-name-inner"><span class="category_name">유아동/출산/완구</span></div></div></a></li><li class="list-item"><a href="best@categoryCode=100002009.html"><div class="img_sec"><img data-src="https://image.gmarket.co.kr/hanbando/202208/315ccf35-b333-4017-b664-ccb1ba966ef0.jpg" class="swiper-lazy" alt=""/></div><div class="box__category-name"><div class="box__category-name-inner"><span class="category_name">패션/언더웨어</span></div></div></a></li><li class="list-item"><a href="best@categoryCode=100002010.html"><div class="img_sec"><img data-src="https://image.gmarket.co.kr/hanbando/202208/30fc0d1d-ea15-4e02-8f50-f144d06423ca.jpg" class="swiper-lazy" alt=""/></div><div class="box__category-name"><div class="box__category-name-inner"><span class="category_name">잡화/슈즈/명품</span></div></div></a></li><li class="list-item"><a href="best@categoryCode=100002011.html"><div class="img_sec"><img data-src="https://image.gmarket.co.kr/hanbando/202208/fa99b668-5f13-496e-a62d-dce329ead7cc.jpg" class="swiper-lazy" alt=""/></div><div class="box__category-name"><div class="box__category-name-inner"><span class="category_name">스포츠/레저/자동차</span></div></div></a></li><li class="list-item"><a href="best@categoryCode=100002012.html"><div class="img_sec"><img data-src="https://image.gmarket.co.kr/hanbando/202208/f38a6d26-1cc0-4b33-bf23-f933c2190252.jpg" class="swiper-lazy" alt=""/></div><div class="box__category-name"><div class="box__category-name-inner"><span class="category_name">디지털/가전</span></div></div></a></li><li class="list-item"><a href="best@categoryCode=100002013.html"><div class="img_sec"><img data-src="https://image.gmarket.co.kr/hanbando/202208/edd14751-f54a-48ff-ae9a-15a33b10c06c.jpg" class="swiper-lazy" alt=""/></div><div class="box__category-name"><div class="box__category-name-inner"><span class="category_name">문구/취미/도서</span></div></div></a></li><li class="list-item"><a href="best.html"><div class="img_sec"><img data-src="//pics.gmarket.co.kr/pc/single/kr/smilefresh/image__category-all.png" class="swiper-lazy" alt=""/></div><div class="box__category-name"><div class="box__category-name-inner"><span class="category_name">전체</span></div></div></a></li><li class="list-item"><a href="best@categoryCode=100000000.html"><div class="img_sec"><img data-src="https://image.gmarket.co.kr/hanbando/202209/2f7e5c38-9606-4f1a-912e-f969e22f430f.jpg" class="swiper-lazy" alt=""/></div><div class="box__category-name"><div class="box__category-name-inner"><span class="category_name">정육/계란</span></div></div></a></li><li class="list-item"><a href="best@categoryCode=100001005.html"><div class="img_sec"><img data-src="https://image.gmarket.co.kr/hanbando/202207/efc9fa9b-b4d8-4eb4-b44d-dc8a47a8c00a.jpg" class="swiper-lazy" alt=""/></div><div class="box__category-name"><div class="box__category-name-inner"><span class="category_name">과일</span></div></div></a></li><li class="list-item"><a href="best@categoryCode=100001006.html"><div class="img_sec"><img data-src="https://image.gmarket.co.kr/hanbando/202207/287cdcc7-47f4-4949-8cdf-2bfb4ff5522e.jpg" class="swiper-lazy" alt=""/></div><div class="box__category-name"><div class="box__category-name-inner"><span class="category_name">냉동/간편식</span></div></div></a></li><li class="list-item"><a href="best@categoryCode=100001007.html"><div class="img_sec"><img data-src="https://image.gmarket.co.kr/hanbando/202207/92c7e264-61a8-4e11-ab2b-d3ad8a7b3ab6.jpg" class="swiper-lazy" alt=""/></div><div class="box__category-name"><div class="box__category-name-inner"><span class="category_name">쌀/잡곡</span></div></div></a></li><li class="list-item"><a href="best@categoryCode=100001008.html"><div class="img_sec"><img data-src="https://image.gmarket.co.kr/hanbando/202209/eb8b0652-724b-465a-800a-49436a3f5435.jpg" class="swiper-lazy" alt=""/></div><div class="box__category-name"><div class="box__category-name-inner"><span class="category_name">채소/두부</span></div></div></a></li></ul></div><div class="swiper-slide"><ul class="category_slide" aria-label="스마일프레시 베스트 메뉴"><li class="list-item"><a href="best@categoryCode=100001010.html"><div class="img_sec"><img data-src="https://image.gmarket.co.kr/hanbando/202207/9ac23369-57e8-4299-889a-4f5360cd3c28.jpg" class="swiper-lazy" alt=""/></div><div class="box__category-name"><div class="box__category-name-inner"><span class="category_name">라면/즉석식품</span></div></div></a></li><li class="list-item list-item--active"><a aria-current="page" href="best@categoryCode=100001032.html"><div class="img_sec"><img data-src="https://image.gmarket.co.kr/hanbando/202207/a28bdf02-b436-4466-88de-d8f11ca54296.jpg" class="swiper-lazy" alt=""/></div><div class="box__category-name"><div class="box__category-name-inner"><span class="category_name">생수/음료</span></div></div></a></li><li class="list-item"><a href="best@categoryCode=100001033.html"><div class="img_sec"><img data-src="https://image.gmarket.co.kr/hanbando/202207/fd43d2b2-4f77-4e2c-b5da-58d24b91d95b.jpg" class="swiper-lazy" alt=""/></div><div class="box__category-name"><div class="box__category-name-inner"><span class="category_name">과자/아이스크림</span></div></div></a></li><li class="list-item"><a href="best@categoryCode=100001034.html"><div class="img_sec"><img data-src="https://image.gmarket.co.kr/hanbando/202207/f5f1f7ed-e6a5-4ecd-ac66-aa87756158c2.jpg" class="swiper-lazy" alt=""/></div><div class="box__category-name"><div class="box__category-name-inner"><span class="category_name">우유/유제품</span></div></div></a></li><li class="list-item"><a href="best@categoryCode=100001035.html"><div class="img_sec"><img data-src="https://image.gmarket.co.kr/hanbando/202207/089a0e40-92de-4a0e-a8cb-2a18f78c5691.jpg" class="swiper-lazy" alt=""/></div><div class="box__category-name"><div class="box__category-name-inner"><span class="category_name">장류/양념</span></div></div></a></li><li class="list-item"><a href="best@categoryCode=100001036.html"><div class="img_sec"><img data-src="https://image.gmarket.co.kr/hanbando/202207/a5b62bcd-46b5-4059-bb1b-e01878b77ef4.jpg" class="swiper-lazy" alt=""/></div><div class="box__category-name"><div class="box__category-name-inner"><span class="category_name">화장지/위생</span></div></div></a></li><li class="list-item"><a href="best@categoryCode=100001037.html"><div class="img_sec"><img data-src="https://image.gmarket.co.kr/hanbando/202207/c5b6a09a-4955-4829-94d6-c62f818f2f34.jpg" class="swiper-lazy" alt=""/></div><div class="box__category-name"><div class="box__category-name-inner"><span class="category_name">커피/차</span></div></div></a></li><li class="list-item"><a href="best@categoryCode=100001038.html"><div class="img_sec"><img data-src="https://image.gmarket.co.kr/hanbando/202207/23143aa7-715d-4778-8b1e-ab87422a8d3a.jpg" class="swiper-lazy" alt=""/></div><div class="box__category-name"><div class="box__category-name-inner"><span class="category_name">수산물</span></div></div></a></li><li class="list-item"><a href="best@categoryCode=100001039.html"><div class="img_sec"><img data-src="https://image.gmarket.co.kr/hanbando/202207/85d41348-f077-4b90-b0ff-3599d16216b2.jpg" class="swiper-lazy" alt=""/></div><div class="box__category-name"><div class="box__category-name-inner"><span class="category_name">밀키트/반찬</span></div></div></a></li><li class="list-item"><a href="best@categoryCode=100002000.html"><div class="img_sec"><img data-src="https://image.gmarket.co.kr/hanbando/202208/ea1ecb73-6a2c-45f7-8a89-2e130b634a99.jpg" class="swiper-lazy" alt=""/></div><div class="box__category-name"><div class="box__category-name-inner"><span class="category_name">베이커리/잼</span></div></div></a></li><li class="list-item"><a href="best@categoryCode=100002001.html"><div class="img_sec"><img data-src="https://image.gmarket.co.kr/hanbando/202208/7088de74-301b-48ef-911c-f33ed6a22f9b.jpg" class="swiper-lazy" alt=""/></div><div class="box__category-name"><div class="box__category-name-inner"><span class="category_name">건강식품</span></div></div></a></li><li class="list-item"><a href="best@categoryCode=100002002.html"><div class="img_sec"><img data-src="https://image.gmarket.co.kr/hanbando/202208/39888525-4f61-453f-865c-83b6ca536b58.jpg" class="swiper-lazy" alt=""/></div><div class="box__category-name"><div class="box__category-name-inner"><span class="category_name">세탁/청소/욕실용품</span></div></div></a></li></ul></div><div class="swiper-slide"><ul class="category_slide" aria-label="스마일프레시 베스트 메뉴"><li class="list-item"><a href="best@categoryCode=100002003.html"><div class="img_sec"><img data-src="https://image.gmarket.co.kr/hanbando/202208/a9484e1d-492e-4ab4-84db-1a387177dcbf.jpg" class="swiper-lazy" alt=""/></div><div class="box__category-name"><div class="box__category-name-inner"><span class="category_name">리빙</span></div></div></a></li><li class="list-item"><a href="best@categoryCode=100002004.html"><div class="img_sec"><img data-src="https://image.gmarket.co.kr/hanbando/202208/e0d7614a-763e-4d90-b696-b20c76e890ca.jpg" class="swiper-lazy" alt=""/></div><div class="box__category-name"><div class="box__category-name-inner"><span class="category_name">주방/일회용품</span></div></div></a></li><li class="list-item"><a href="best@categoryCode=100002005.html"><div class="img_sec"><img data-src="https://image.gmarket.co.kr/hanbando/202208/231a3b36-5d05-467d-a33a-8651b9cf19c6.jpg" class="swiper-lazy" alt=""/></div><div class="box__category-name"><div class="box__category-name-inner"><span class="category_name">생활잡화/공구</span></div></div></a></li><li class="list-item"><a href="best@categoryCode=100002006.html"><div class="img_sec"><img data-src="https://image.gmarket.co.kr/hanbando/202208/692a0b18-2063-4f86-a0af-3f7bbee09696.jpg" class="swiper-lazy" alt=""/></div><div class="box__category-name"><div class="box__category-name-inner"><span class="category_name">반려동물</span></div></div></a></li><li class="list-item"><a href="best@categoryCode=100002007.html"><div class="img_sec"><img data-src="https://image.gmarket.co.kr/hanbando/202208/ba755a2e-4a11-472c-92f0-6b82f671b1f8.jpg" class="swiper-lazy" alt=""/></div><div class="box__category-name"><div class="box__category-name-inner"><span class="category_name">뷰티</span></div></div></a></li><li class="list-item"><a href="best@categoryCode=100002008.html"><div class="img_sec"><img data-src="https://image.gmarket.co.kr/hanbando/202208/fd6fb0fe-4f81-48ea-bec2-5cc37db6fa18.jpg" class="swiper-lazy" alt=""/></div><div class="box__category-name"><div class="box__category-name-inner"><span class="category_name">유아동/출산/완구</span></div></div></a></li><li class="list-item"><a href="best@categoryCode=100002009.html"><div class="img_sec"><img data-src="https://image.gmarket.co.kr/hanbando/202208/315ccf35-b333-4017-b664-ccb1ba966ef0.jpg" class="swiper-lazy" alt=""/></div><div class="box__category-name"><div class="box__category-name-inner"><span class="category_name">패션/언더웨어</span></div></div></a></li><li class="list-item"><a href="best@categoryCode=100002010.html"><div class="img_sec"><img data-src="https://image.gmarket.co.kr/hanbando/202208/30fc0d1d-ea15-4e02-8f50-f144d06423ca.jpg" class="swiper-lazy" alt=""/></div><div class="box__category-name"><div class="box__category-name-inner"><span class="category_name">잡화/슈즈/명품</span></div></div></a></li><li class="list-item"><a href="best@categoryCode=100002011.html"><div class="img_sec"><img data-src="https://image.gmarket.co.kr/hanbando/202208/fa99b668-5f13-496e-a62d-dce329ead7cc.jpg" class="swiper-lazy" alt=""/></div><div class="box__category-name"><div class="box__category-name-inner"><span class="category_name">스포츠/레저/자동차</span></div></div></a></li><li class="list-item"><a href="best@categoryCode=100002012.html"><div class="img_sec"><img data-src="https://image.gmarket.co.kr/hanbando/202208/f38a6d26-1cc0-4b33-bf23-f933c2190252.jpg" class="swiper-lazy" alt=""/></div><div class="box__category-name"><div class="box__category-name-inner"><span class="category_name">디지털/가전</span></div></div></a></li><li class="list-item"><a href="best@categoryCode=100002013.html"><div class="img_sec"><img data-src="https://image.gmarket.co.kr/hanbando/202208/edd14751-f54a-48ff-ae9a-15a33b10c06c.jpg" class="swiper-lazy" alt=""/></div><div class="box__category-name"><div class="box__category-name-inner"><span class="category_name">문구/취미/도서</span></div></div></a></li><li class="list-item"><a href="best.html"><div class="img_sec"><img data-src="//pics.gmarket.co.kr/pc/single/kr/smilefresh/image__category-all.png" class="swiper-lazy" alt=""/></div><div class="box__category-name"><div class="box__category-name-inner"><span class="category_name">전체</span></div></div></a></li></ul></div><div class="swiper-slide"><ul class="category_slide" aria-label="스마일프레시 베스트 메뉴"><li class="list-item"><a href="best@categoryCode=100000000.html"><div class="img_sec"><img data-src="https://image.gmarket.co.kr/hanbando/202209/2f7e5c38-9606-4f1a-912e-f969e22f430f.jpg" class="swiper-lazy" alt=""/></div><div class="box__category-name"><div class="box__category-name-inner"><span class="category_name">정육/계란</span></div></div></a></li><li class="list-item"><a href="best@categoryCode=100001005.html"><div class="img_sec"><img data-src="https://image.gmarket.co.kr/hanbando/202207/efc9fa9b-b4d8-4eb4-b44d-dc8a47a8c00a.jpg" class="swiper-lazy" alt=""/></div><div class="box__category-name"><div class="box__category-name-inner"><span class="category_name">과일</span></div></div></a></li><li class="list-item"><a href="best@categoryCode=100001006.html"><div class="img_sec"><img data-src="https://image.gmarket.co.kr/hanbando/202207/287cdcc7-47f4-4949-8cdf-2bfb4ff5522e.jpg" class="swiper-lazy" alt=""/></div><div class="box__category-name"><div class="box__category-name-inner"><span class="category_name">냉동/간편식</span></div></div></a></li><li class="list-item"><a href="best@categoryCode=100001007.html"><div class="img_sec"><img data-src="https://image.gmarket.co.kr/hanbando/202207/92c7e264-61a8-4e11-ab2b-d3ad8a7b3ab6.jpg" class="swiper-lazy" alt=""/></div><div class="box__category-name"><div class="box__category-name-inner"><span class="category_name">쌀/잡곡</span></div></div></a></li><li class="list-item"><a href="best@categoryCode=100001008.html"><div class="img_sec"><img data-src="https://image.gmarket.co.kr/hanbando/202209/eb8b0652-724b-465a-800a-49436a3f5435.jpg" class="swiper-lazy" alt=""/></div><div class="box__category-name"><div class="box__category-name-inner"><span class="category_name">채소/두부</span></div></div></a></li><li class="list-item"><a href="best@categoryCode=100001010.html"><div class="img_sec"><img data-src="https://image.gmarket.co.kr/hanbando/202207/9ac23369-57e8-4299-889a-4f5360cd3c28.jpg" class="swiper-lazy" alt=""/></div><div class="box__category-name"><div class="box__category-name-inner"><span class="category_name">라면/즉석식품</span></div></div></a></li><li class="list-item list-item--active"><a aria-current="page" href="best@categoryCode=100001032.html"><div class="img_sec"><img data-src="https://image.gmarket.co.kr/hanbando/202207/a28bdf02-b436-4466-88de-d8f11ca54296.jpg" class="swiper-lazy" alt=""/></div><div class="box__category-name"><div class="box__category-name-inner"><span class="category_name">생수/음료</span></div></div></a></li><li class="list-item"><a href="best@categoryCode=100001033.html"><div class="img_sec"><img data-src="https://image.gmarket.co.kr/hanbando/202207/fd43d2b2-4f77-4e2c-b5da-58d24b91d95b.jpg" class="swiper-lazy" alt=""/></div><div class="box__category-name"><div class="box__category-name-inner"><span class="category_name">과자/아이스크림</span></div></div></a></li><li class="list-item"><a href="best@categoryCode=100001034.html"><div class="img_sec"><img data-src="https://image.gmarket.co.kr/hanbando/202207/f5f1f7ed-e6a5-4ecd-ac66-aa87756158c2.jpg" class="swiper-lazy" alt=""/></div><div class="box__category-name"><div class="box__category-name-inner"><span class="category_name">우유/유제품</span></div></div></a></li><li class="list-item"><a href="best@categoryCode=100001035.html"><div class="img_sec"><img data-src="https://image.gmarket.co.kr/hanbando/202207/089a0e40-92de-4a0e-a8cb-2a18f78c5691.jpg" class="swiper-lazy" alt=""/></div><div class="box__category-name"><div class="box__category-name-inner"><span class="category_name">장류/양념</span></div></div></a></li><li class="list-item"><a href="best@categoryCode=100001036.html"><div class="img_sec"><img data-src="https://image.gmarket.co.kr/hanbando/202207/a5b62bcd-46b5-4059-bb1b-e01878b77ef4.jpg" class="swiper-lazy" alt=""/></div><div class="box__category-name"><div class="box__category-name-inner"><span class="category_name">화장지/위생</span></div></div></a></li><li class="list-item"><a href="best@categoryCode=100001037.html"><div class="img_sec"><img data-src="https://image.gmarket.co.kr/hanbando/202207/c5b6a09a-4955-4829-94d6-c62f818f2f34.jpg" class="swiper-lazy" alt=""/></div><div class="box__category-name"><div class="box__category-name-inner"><span class="category_name">커피/차</span></div></div></a></li></ul></div><div class="swiper-slide"><ul class="category_slide" aria-label="스마일프레시 베스트 메뉴"><li class="list-item"><a href="best@categoryCode=100001038.html"><div class="img_sec"><img data-src="https://image.gmarket.co.kr/hanbando/202207/23143aa7-715d-4778-8b1e-ab87422a8d3a.jpg" class="swiper-lazy" alt=""/></div><div class="box__category-name"><div class="box__category-name-inner"><span class="category_name">수산물</span></div></div></a></li><li class="list-item"><a href="best@categoryCode=100001039.html"><div class="img_sec"><img data-src="https://image.gmarket.co.kr/hanbando/202207/85d41348-f077-4b90-b0ff-3599d16216b2.jpg" class="swiper-lazy" alt=""/></div><div class="box__category-name"><div class="box__category-name-inner"><span class="category_name">밀키트/반찬</span></div></div></a></li><li class="list-item"><a href="best@categoryCode=100002000.html"><div class="img_sec"><img data-src="https://image.gmarket.co.kr/hanbando/202208/ea1ecb73-6a2c-45f7-8a89-2e130b634a99.jpg" class="swiper-lazy" alt=""/></div><div class="box__category-name"><div class="box__category-name-inner"><span class="category_name">베이커리/잼</span></div></div></a></li><li class="list-item"><a href="best@categoryCode=100002001.html"><div class="img_sec"><img data-src="https://image.gmarket.co.kr/hanbando/202208/7088de74-301b-48ef-911c-f33ed6a22f9b.jpg" class="swiper-lazy" alt=""/></div><div class="box__category-name"><div class="box__category-name-inner"><span class="category_name">건강식품</span></div></div></a></li><li class="list-item"><a href="best@categoryCode=100002002.html"><div class="img_sec"><img data-src="https://image.gmarket.co.kr/hanbando/202208/39888525-4f61-453f-865c-83b6ca536b58.jpg" class="swiper-lazy" alt=""/></div><div class="box__category-name"><div class="box__category-name-inner"><span class="category_name">세탁/청소/욕실용품</span></div></div></a></li><li class="list-item"><a href="best@categoryCode=100002003.html"><div class="img_sec"><img data-src="https://image.gmarket.co.kr/hanbando/202208/a9484e1d-492e-4ab4-84db-1a387177dcbf.jpg" class="swiper-lazy" alt=""/></div><div class="box__category-name"><div class="box__category-name-inner"><span class="category_name">리빙</span></div></div></a></li><li class="list-item"><a href="best@categoryCode=100002004.html"><div class="img_sec"><img data-src="https://image.gmarket.co.kr/hanbando/202208/e0d7614a-763e-4d90-b696-b20c76e890ca.jpg" class="swiper-lazy" alt=""/></div><div class="box__category-name"><div class="box__category-name-inner"><span class="category_name">주방/일회용품</span></div></div></a></li><li class="list-item"><a href="best@categoryCode=100002005.html"><div class="img_sec"><img data-src="https://image.gmarket.co.kr/hanbando/202208/231a3b36-5d05-467d-a33a-8651b9cf19c6.jpg" class="swiper-lazy" alt=""/></div><div class="box__category-name"><div class="box__category-name-inner"><span class="category_name">생활잡화/공구</span></div></div></a></li><li class="list-item"><a href="best@categoryCode=100002006.html"><div class="img_sec"><img data-src="https://image.gmarket.co.kr/hanbando/202208/692a0b18-2063-4f86-a0af-3f7bbee09696.jpg" class="swiper-lazy" alt=""/></div><div class="box__category-name"><div class="box__category-name-inner"><span class="category_name">반려동물</span></div></div></a></li><li class="list-item"><a href="best@categoryCode=100002007.html"><div class="img_sec"><img data-src="https://image.gmarket.co.kr/hanbando/202208/ba755a2e-4a11-472c-92f0-6b82f671b1f8.jpg" class="swiper-lazy" alt=""/></div><div class="box__category-name"><div class="box__category-name-inner"><span class="category_name">뷰티</span></div></div></a></li><li class="list-item"><a href="best@categoryCode=100002008.html"><div class="img_sec"><img data-src="https://image.gmarket.co.kr/hanbando/202208/fd6fb0fe-4f81-48ea-bec2-5cc37db6fa18.jpg" class="swiper-lazy" alt=""/></div><div class="box__category-name"><div class="box__category-name-inner"><span class="category_name">유아동/출산/완구</span></div></div></a></li><li class="list-item"><a href="best@categoryCode=100002009.html"><div class="img_sec"><img data-src="https://image.gmarket.co.kr/hanbando/202208/315ccf35-b333-4017-b664-ccb1ba966ef0.jpg" class="swiper-lazy" alt=""/></div><div class="box__category-name"><div class="box__category-name-inner"><span class="category_name">패션/언더웨어</span></div></div></a></li></ul></div><div class="swiper-slide"><ul class="category_slide" aria-label="스마일프레시 베스트 메뉴"><li class="list-item"><a href="best@categoryCode=100002010.html"><div class="img_sec"><img data-src="https://image.gmarket.co.kr/hanbando/202208/30fc0d1d-ea15-4e02-8f50-f144d06423ca.jpg" class="swiper-lazy" alt=""/></div><div class="box__category-name"><div class="box__category-name-inner"><span class="category_name">잡화/슈즈/명품</span></div></div></a></li><li class="list-item"><a href="best@categoryCode=100002011.html"><div class="img_sec"><img data-src="https://image.gmarket.co.kr/hanbando/202208/fa99b668-5f13-496e-a62d-dce329ead7cc.jpg" class="swiper-lazy" alt=""/></div><div class="box__category-name"><div class="box__category-name-inner"><span class="category_name">스포츠/레저/자동차</span></div></div></a></li><li class="list-item"><a href="best@categoryCode=100002012.html"><div class="img_sec"><img data-src="https://image.gmarket.co.kr/hanbando/202208/f38a6d26-1cc0-4b33-bf23-f933c2190252.jpg" class="swiper-lazy" alt=""/></div><div class="box__category-name"><div class="box__category-name-inner"><span class="category_name">디지털/가전</span></div></div></a></li><li class="list-item"><a href="best@categoryCode=100002013.html"><div class="img_sec"><img data-src="https://image.gmarket.co.kr/hanbando/202208/edd14751-f54a-48ff-ae9a-15a33b10c06c.jpg" class="swiper-lazy" alt=""/></div><div class="box__category-name"><div class="box__category-name-inner"><span class="category_name">문구/취미/도서</span></div></div></a></li><li class="list-item"><a href="best.html"><div class="img_sec"><img data-src="//pics.gmarket.co.kr/pc/single/kr/smilefresh/image__category-all.png" class="swiper-lazy" alt=""/></div><div class="box__category-name"><div class="box__category-name-inner"><span class="category_name">전체</span></div></div></a></li><li class="list-item"><a href="best@categoryCode=100000000.html"><div class="img_sec"><img data-src="https://image.gmarket.co.kr/hanbando/202209/2f7e5c38-9606-4f1a-912e-f969e22f430f.jpg" class="swiper-lazy" alt=""/></div><div class="box__category-name"><div class="box__category-name-inner"><span class="category_name">정육/계란</span></div></div></a></li><li class="list-item"><a href="best@categoryCode=100001005.html"><div class="img_sec"><img data-src="https://image.gmarket.co.kr/hanbando/202207/efc9fa9b-b4d8-4eb4-b44d-dc8a47a8c00a.jpg" class="swiper-lazy" alt=""/></div><div class="box__category-name"><div class="box__category-name-inner"><span class="category_name">과일</span></div></div></a></li><li class="list-item"><a href="best@categoryCode=100001006.html"><div class="img_sec"><img data-src="https://image.gmarket.co.kr/hanbando/202207/287cdcc7-47f4-4949-8cdf-2bfb4ff5522e.jpg" class="swiper-lazy" alt=""/></div><div class="box__category-name"><div class="box__category-name-inner"><span class="category_name">냉동/간편식</span></div></div></a></li><li class="list-item"><a href="best@categoryCode=100001007.html"><div class="img_sec"><img data-src="https://image.gmarket.co.kr/hanbando/202207/92c7e264-61a8-4e11-ab2b-d3ad8a7b3ab6.jpg" class="swiper-lazy" alt=""/></div><div class="box__category-name"><div class="box__category-name-inner"><span class="category_name">쌀/잡곡</span></div></div></a></li><li class="list-item"><a href="best@categoryCode=100001008.html"><div class="img_sec"><img data-src="https://image.gmarket.co.kr/hanbando/202209/eb8b0652-724b-465a-800a-49436a3f5435.jpg" class="swiper-lazy" alt=""/></div><div class="box__category-name"><div class="box__category-name-inner"><span class="category_name">채소/두부</span></div></div></a></li><li class="list-item"><a href="best@categoryCode=100001010.html"><div class="img_sec"><img data-src="https://image.gmarket.co.kr/hanbando/202207/9ac23369-57e8-4299-889a-4f5360cd3c28.jpg" class="swiper-lazy" alt=""/></div><div class="box__category-name"><div class="box__category-name-inner"><span class="category_name">라면/즉석식품</span></div></div></a></li><li class="list-item list-item--active"><a aria-current="page" href="best@categoryCode=100001032.html"><div class="img_sec"><img data-src="https://image.gmarket.co.kr/hanbando/202207/a28bdf02-b436-4466-88de-d8f11ca54296.jpg" class="swiper-lazy" alt=""/></div><div class="box__category-name"><div class="box__category-name-inner"><span class="category_name">생수/음료</span></div></div></a></li></ul></div><div class="swiper-slide"><ul class="category_slide" aria-label="스마일프레시 베스트 메뉴"><li class="list-item"><a href="best@categoryCode=100001033.html"><div class="img_sec"><img data-src="https://image.gmarket.co.kr/hanbando/202207/fd43d2b2-4f77-4e2c-b5da-58d24b91d95b.jpg" class="swiper-lazy" alt=""/></div><div class="box__category-name"><div class="box__category-name-inner"><span class="category_name">과자/아이스크림</span></div></div></a></li><li class="list-item"><a href="best@categoryCode=100001034.html"><div class="img_sec"><img data-src="https://image.gmarket.co.kr/hanbando/202207/f5f1f7ed-e6a5-4ecd-ac66-aa87756158c2.jpg" class="swiper-lazy" alt=""/></div><div class="box__category-name"><div class="box__category-name-inner"><span class="category_name">우유/유제품</span></div></div></a></li><li class="list-item"><a href="best@categoryCode=100001035.html"><div class="img_sec"><img data-src="https://image.gmarket.co.kr/hanbando/202207/089a0e40-92de-4a0e-a8cb-2a18f78c5691.jpg" class="swiper-lazy" alt=""/></div><div class="box__category-name"><div class="box__category-name-inner"><span class="category_name">장류/양념</span></div></div></a></li><li class="list-item"><a href="best@categoryCode=100001036.html"><div class="img_sec"><img data-src="https://image.gmarket.co.kr/hanbando/202207/a5b62bcd-46b5-4059-bb1b-e01878b77ef4.jpg" class="swiper-lazy" alt=""/></div><div class="box__category-name"><div class="box__category-name-inner"><span class="category_name">화장지/위생</span></div></div></a></li><li class="list-item"><a href="best@categoryCode=100001037.html"><div class="img_sec"><img data-src="https://image.gmarket.co.kr/hanbando/202207/c5b6a09a-4955-4829-94d6-c62f818f2f34.jpg" class="swiper-lazy" alt=""/></div><div class="box__category-name"><div class="box__category-name-inner"><span class="category_name">커피/차</span></div></div></a></li><li class="list-item"><a href="best@categoryCode=100001038.html"><div class="img_sec"><img data-src="https://image.gmarket.co.kr/hanbando/202207/23143aa7-715d-4778-8b1e-ab87422a8d3a.jpg" class="swiper-lazy" alt=""/></div><div class="box__category-name"><div class="box__category-name-inner"><span class="category_name">수산물</span></div></div></a></li><li class="list-item"><a href="best@categoryCode=100001039.html"><div class="img_sec"><img data-src="https://image.gmarket.co.kr/hanbando/202207/85d41348-f077-4b90-b0ff-3599d16216b2.jpg" class="swiper-lazy" alt=""/></div><div class="box__category-name"><div class="box__category-name-inner"><span class="category_name">밀키트/반찬</span></div></div></a></li><li class="list-item"><a href="best@categoryCode=100002000.html"><div class="img_sec"><img data-src="https://image.gmarket.co.kr/hanbando/202208/ea1ecb73-6a2c-45f7-8a89-2e130b634a99.jpg" class="swiper-lazy" alt=""/></div><div class="box__category-name"><div class="box__category-name-inner"><span class="category_name">베이커리/잼</span></div></div></a></li><li class="list-item"><a href="best@categoryCode=100002001.html"><div class="img_sec"><img data-src="https://image.gmarket.co.kr/hanbando/202208/7088de74-301b-48ef-911c-f33ed6a22f9b.jpg" class="swiper-lazy" alt=""/></div><div class="box__category-name"><div class="box__category-name-inner"><span class="category_name">건강식품</span></div></div></a></li><li class="list-item"><a href="best@categoryCode=100002002.html"><div class="img_sec"><img data-src="https://image.gmarket.co.kr/hanbando/202208/39888525-4f61-453f-865c-83b6ca536b58.jpg" class="swiper-lazy" alt=""/></div><div class="box__category-name"><div class="box__category-name-inner"><span class="category_name">세탁/청소/욕실용품</span></div></div></a></li><li class="list-item"><a href="best@categoryCode=100002003.html"><div class="img_sec"><img data-src="https://image.gmarket.co.kr/hanbando/202208/a9484e1d-492e-4ab4-84db-1a387177dcbf.jpg" class="swiper-lazy" alt=""/></div><div class="box__category-name"><div class="box__category-name-inner"><span class="category_name">리빙</span></div></div></a></li><li class="list-item"><a href="best@categoryCode=100002004.html"><div class="img_sec"><img data-src="https://image.gmarket.co.kr/hanbando/202208/e0d7614a-763e-4d90-b696-b20c76e890ca.jpg" class="swiper-lazy" alt=""/></div><div class="box__category-name"><div class="box__category-name-inner"><span class="category_name">주방/일회용품</span></div></div></a></li></ul></div><div class="swiper-slide"><ul class="category_slide" aria-label="스마일프레시 베스트 메뉴"><li class="list-item"><a href="best@categoryCode=100002005.html"><div class="img_sec"><img data-src="https://image.gmarket.co.kr/hanbando/202208/231a3b36-5d05-467d-a33a-8651b9cf19c6.jpg" class="swiper-lazy" alt=""/></div><div class="box__category-name"><div class="box__category-name-inner"><span class="category_name">생활잡화/공구</span></div></div></a></li><li class="list-item"><a href="best@categoryCode=100002006.html"><div class="img_sec"><img data-src="https://image.gmarket.co.kr/hanbando/202208/692a0b18-2063-4f86-a0af-3f7bbee09696.jpg" class="swiper-lazy" alt=""/></div><div class="box__category-name"><div class="box__category-name-inner"><span class="category_name">반려동물</span></div></div></a></li><li class="list-item"><a href="best@categoryCode=100002007.html"><div class="img_sec"><img data-src="https://image.gmarket.co.kr/hanbando/202208/ba755a2e-4a11-472c-92f0-6b82f671b1f8.jpg" class="swiper-lazy" alt=""/></div><div class="box__category-name"><div class="box__category-name-inner"><span class="category_name">뷰티</span></div></div></a></li><li class="list-item"><a href="best@categoryCode=100002008.html"><div class="img_sec"><img data-src="https://image.gmarket.co.kr/hanbando/202208/fd6fb0fe-4f81-48ea-bec2-5cc37db6fa18.jpg" class="swiper-lazy" alt=""/></div><div class="box__category-name"><div class="box__category-name-inner"><span class="category_name">유아동/출산/완구</span></div></div></a></li><li class="list-item"><a href="best@categoryCode=100002009.html"><div class="img_sec"><img data-src="https://image.gmarket.co.kr/hanbando/202208/315ccf35-b333-4017-b664-ccb1ba966ef0.jpg" class="swiper-lazy" alt=""/></div><div class="box__category-name"><div class="box__category-name-inner"><span class="category_name">패션/언더웨어</span></div></div></a></li><li class="list-item"><a href="best@categoryCode=100002010.html"><div class="img_sec"><img data-src="https://image.gmarket.co.kr/hanbando/202208/30fc0d1d-ea15-4e02-8f50-f144d06423ca.jpg" class="swiper-lazy" alt=""/></div><div class="box__category-name"><div class="box__category-name-inner"><span class="category_name">잡화/슈즈/명품</span></div></div></a></li><li class="list-item"><a href="best@categoryCode=100002011.html"><div class="img_sec"><img data-src="https://image.gmarket.co.kr/hanbando/202208/fa99b668-5f13-496e-a62d-dce329ead7cc.jpg" class="swiper-lazy" alt=""/></div><div class="box__category-name"><div class="box__category-name-inner"><span class="category_name">스포츠/레저/자동차</span></div></div></a></li><li class="list-item"><a href="best@categoryCode=100002012.html"><div class="img_sec"><img data-src="https://image.gmarket.co.kr/hanbando/202208/f38a6d26-1cc0-4b33-bf23-f933c2190252.jpg" class="swiper-lazy" alt=""/></div><div class="box__category-name"><div class="box__category-name-inner"><span class="category_name">디지털/가전</span></div></div></a></li><li class="list-item"><a href="best@categoryCode=100002013.html"><div class="img_sec"><img data-src="https://image.gmarket.co.kr/hanbando/202208/edd14751-f54a-48ff-ae9a-15a33b10c06c.jpg" class="swiper-lazy" alt=""/></div><div class="box__category-name"><div class="box__category-name-inner"><span class="category_name">문구/취미/도서</span></div></div></a></li><li class="list-item"><a href="best.html"><div class="img_sec"><img data-src="//pics.gmarket.co.kr/pc/single/kr/smilefresh/image__category-all.png" class="swiper-lazy" alt=""/></div><div class="box__category-name"><div class="box__category-name-inner"><span class="category_name">전체</span></div></div></a></li><li class="list-item"><a href="best@categoryCode=100000000.html"><div class="img_sec"><img data-src="https://image.gmarket.co.kr/hanbando/202209/2f7e5c38-9606-4f1a-912e-f969e22f430f.jpg" class="swiper-lazy" alt=""/></div><div class="box__category-name"><div class="box__category-name-inner"><span class="category_name">정육/계란</span></div></div></a></li><li class="list-item"><a href="best@categoryCode=100001005.html"><div class="img_sec"><img data-src="https://image.gmarket.co.kr/hanbando/202207/efc9fa9b-b4d8-4eb4-b44d-dc8a47a8c00a.jpg" class="swiper-lazy" alt=""/></div><div class="box__category-name"><div class="box__category-name-inner"><span class="category_name">과일</span></div></div></a></li></ul></div><div class="swiper-slide"><ul class="category_slide" aria-label="스마일프레시 베스트 메뉴"><li class="list-item"><a href="best@categoryCode=100001006.html"><div class="img_sec"><img data-src="https://image.gmarket.co.kr/hanbando/202207/287cdcc7-47f4-4949-8cdf-2bfb4ff5522e.jpg" class="swiper-lazy" alt=""/></div><div class="box__category-name"><div class="box__category-name-inner"><span class="category_name">냉동/간편식</span></div></div></a></li><li class="list-item"><a href="best@categoryCode=100001007.html"><div class="img_sec"><img data-src="https://image.gmarket.co.kr/hanbando/202207/92c7e264-61a8-4e11-ab2b-d3ad8a7b3ab6.jpg" class="swiper-lazy" alt=""/></div><div class="box__category-name"><div class="box__category-name-inner"><span class="category_name">쌀/잡곡</span></div></div></a></li><li class="list-item"><a href="best@categoryCode=100001008.html"><div class="img_sec"><img data-src="https://image.gmarket.co.kr/hanbando/202209/eb8b0652-724b-465a-800a-49436a3f5435.jpg" class="swiper-lazy" alt=""/></div><div class="box__category-name"><div class="box__category-name-inner"><span class="category_name">채소/두부</span></div></div></a></li><li class="list-item"><a href="best@categoryCode=100001010.html"><div class="img_sec"><img data-src="https://image.gmarket.co.kr/hanbando/202207/9ac23369-57e8-4299-889a-4f5360cd3c28.jpg" class="swiper-lazy" alt=""/></div><div class="box__category-name"><div class="box__category-name-inner"><span class="category_name">라면/즉석식품</span></div></div></a></li><li class="list-item list-item--active"><a aria-current="page" href="best@categoryCode=100001032.html"><div class="img_sec"><img data-src="https://image.gmarket.co.kr/hanbando/202207/a28bdf02-b436-4466-88de-d8f11ca54296.jpg" class="swiper-lazy" alt=""/></div><div class="box__category-name"><div class="box__category-name-inner"><span class="category_name">생수/음료</span></div></div></a></li><li class="list-item"><a href="best@categoryCode=100001033.html"><div class="img_sec"><img data-src="https://image.gmarket.co.kr/hanbando/202207/fd43d2b2-4f77-4e2c-b5da-58d24b91d95b.jpg" class="swiper-lazy" alt=""/></div><div class="box__category-name"><div class="box__category-name-inner"><span class="category_name">과자/아이스크림</span></div></div></a></li><li class="list-item"><a href="best@categoryCode=100001034.html"><div class="img_sec"><img data-src="https://image.gmarket.co.kr/hanbando/202207/f5f1f7ed-e6a5-4ecd-ac66-aa87756158c2.jpg" class="swiper-lazy" alt=""/></div><div class="box__category-name"><div class="box__category-name-inner"><span class="category_name">우유/유제품</span></div></div></a></li><li class="list-item"><a href="best@categoryCode=100001035.html"><div class="img_sec"><img data-src="https://image.gmarket.co.kr/hanbando/202207/089a0e40-92de-4a0e-a8cb-2a18f78c5691.jpg" class="swiper-lazy" alt=""/></div><div class="box__category-name"><div class="box__category-name-inner"><span class="category_name">장류/양념</span></div></div></a></li><li class="list-item"><a href="best@categoryCode=100001036.html"><div class="img_sec"><img data-src="https://image.gmarket.co.kr/hanbando/202207/a5b62bcd-46b5-4059-bb1b-e01878b77ef4.jpg" class="swiper-lazy" alt=""/></div><div class="box__category-name"><div class="box__category-name-inner"><span class="category_name">화장지/위생</span></div></div></a></li><li class="list-item"><a href="best@categoryCode=100001037.html"><div class="img_sec"><img data-src="https://image.gmarket.co.kr/hanbando/202207/c5b6a09a-4955-4829-94d6-c62f818f2f34.jpg" class="swiper-lazy" alt=""/></div><div class="box__category-name"><div class="box__category-name-inner"><span class="category_name">커피/차</span></div></div></a></li><li class="list-item"><a href="best@categoryCode=100001038.html"><div class="img_sec"><img data-src="https://image.gmarket.co.kr/hanbando/202207/23143aa7-715d-4778-8b1e-ab87422a8d3a.jpg" class="swiper-lazy" alt=""/></div><div class="box__category-name"><div class="box__category-name-inner"><span class="category_name">수산물</span></div></div></a></li><li class="list-item"><a href="best@categoryCode=100001039.html"><div class="img_sec"><img data-src="https://image.gmarket.co.kr/hanbando/202207/85d41348-f077-4b90-b0ff-3599d16216b2.jpg" class="swiper-lazy" alt=""/></div><div class="box__category-name"><div class="box__category-name-inner"><span class="category_name">밀키트/반찬</span></div></div></a></li></ul></div><div class="swiper-slide"><ul class="category_slide" aria-label="스마일프레시 베스트 메뉴"><li class="list-item"><a href="best@categoryCode=100002000.html"><div class="img_sec"><img data-src="https://image.gmarket.co.kr/hanbando/202208/ea1ecb73-6a2c-45f7-8a89-2e130b634a99.jpg" class="swiper-lazy" alt=""/></div><div class="box__category-name"><div class="box__category-name-inner"><span class="category_name">베이커리/잼</span></div></div></a></li><li class="list-item"><a href="best@categoryCode=100002001.html"><div class="img_sec"><img data-src="https://image.gmarket.co.kr/hanbando/202208/7088de74-301b-48ef-911c-f33ed6a22f9b.jpg" class="swiper-lazy" alt=""/></div><div class="box__category-name"><div class="box__category-name-inner"><span class="category_name">건강식품</span></div></div></a></li><li class="list-item"><a href="best@categoryCode=100002002.html"><div class="img_sec"><img data-src="https://image.gmarket.co.kr/hanbando/202208/39888525-4f61-453f-865c-83b6ca536b58.jpg" class="swiper-lazy" alt=""/></div><div class="box__category-name"><div class="box__category-name-inner"><span class="category_name">세탁/청소/욕실용품</span></div></div></a></li><li class="list-item"><a href="best@categoryCode=100002003.html"><div class="img_sec"><img data-src="https://image.gmarket.co.kr/hanbando/202208/a9484e1d-492e-4ab4-84db-1a387177dcbf.jpg" class="swiper-lazy" alt=""/></div><div class="box__category-name"><div class="box__category-name-inner"><span class="category_name">리빙</span></div></div></a></li><li class="list-item"><a href="best@categoryCode=100002004.html"><div class="img_sec"><img data-src="https://image.gmarket.co.kr/hanbando/202208/e0d7614a-763e-4d90-b696-b20c76e890ca.jpg" class="swiper-lazy" alt=""/></div><div class="box__category-name"><div class="box__category-name-inner"><span class="category_name">주방/일회용품</span></div></div></a></li><li class="list-item"><a href="best@categoryCode=100002005.html"><div class="img_sec"><img data-src="https://image.gmarket.co.kr/hanbando/202208/231a3b36-5d05-467d-a33a-8651b9cf19c6.jpg" class="swiper-lazy" alt=""/></div><div class="box__category-name"><div class="box__category-name-inner"><span class="category_name">생활잡화/공구</span></div></div></a></li><li class="list-item"><a href="best@categoryCode=100002006.html"><div class="img_sec"><img data-src="https://image.gmarket.co.kr/hanbando/202208/692a0b18-2063-4f86-a0af-3f7bbee09696.jpg" class="swiper-lazy" alt=""/></div><div class="box__category-name"><div class="box__category-name-inner"><span class="category_name">반려동물</span></div></div></a></li><li class="list-item"><a href="best@categoryCode=100002007.html"><div class="img_sec"><img data-src="https://image.gmarket.co.kr/hanbando/202208/ba755a2e-4a11-472c-92f0-6b82f671b1f8.jpg" class="swiper-lazy" alt=""/></div><div class="box__category-name"><div class="box__category-name-inner"><span class="category_name">뷰티</span></div></div></a></li><li class="list-item"><a href="best@categoryCode=100002008.html"><div class="img_sec"><img data-src="https://image.gmarket.co.kr/hanbando/202208/fd6fb0fe-4f81-48ea-bec2-5cc37db6fa18.jpg" class="swiper-lazy" alt=""/></div><div class="box__category-name"><div class="box__category-name-inner"><span class="category_name">유아동/출산/완구</span></div></div></a></li><li class="list-item"><a href="best@categoryCode=100002009.html"><div class="img_sec"><img data-src="https://image.gmarket.co.kr/hanbando/202208/315ccf35-b333-4017-b664-ccb1ba966ef0.jpg" class="swiper-lazy" alt=""/></div><div class="box__category-name"><div class="box__category-name-inner"><span class="category_name">패션/언더웨어</span></div></div></a></li><li class="list-item"><a href="best@categoryCode=100002010.html"><div class="img_sec"><img data-src="https://image.gmarket.co.kr/hanbando/202208/30fc0d1d-ea15-4e02-8f50-f144d06423ca.jpg" class="swiper-lazy" alt=""/></div><div class="box__category-name"><div class="box__category-name-inner"><span class="category_name">잡화/슈즈/명품</span></div></div></a></li><li class="list-item"><a href="best@categoryCode=100002011.html"><div class="img_sec"><img data-src="https://image.gmarket.co.kr/hanbando/202208/fa99b668-5f13-496e-a62d-dce329ead7cc.jpg" class="swiper-lazy" alt=""/></div><div class="box__category-name"><div class="box__category-name-inner"><span class="category_name">스포츠/레저/자동차</span></div></div></a></li></ul></div><div class="swiper-slide"><ul class="category_slide" aria-label="스마일프레시 베스트 메뉴"><li class="list-item"><a href="best@categoryCode=100002012.html"><div class="img_sec"><img data-src="https://image.gmarket.co.kr/hanbando/202208/f38a6d26-1cc0-4b33-bf23-f933c2190252.jpg" class="swiper-lazy" alt=""/></div><div class="box__category-name"><div class="box__category-name-inner"><span class="category_name">디지털/가전</span></div></div></a></li><li class="list-item"><a href="best@categoryCode=100002013.html"><div class="img_sec"><img data-src="https://image.gmarket.co.kr/hanbando/202208/edd14751-f54a-48ff-ae9a-15a33b10c06c.jpg" class="swiper-lazy" alt=""/></div><div class="box__category-name"><div class="box__category-name-inner"><span class="category_name">문구/취미/도서</span></div></div></a></li><li class="list-item"><a href="best.html"><div class="img_sec"><img data-src="//pics.gmarket.co.kr/pc/single/kr/smilefresh/image__category-all.png" class="swiper-lazy" alt=""/></div><div class="box__category-name"><div class="box__category-name-inner"><span class="category_name">전체</span></div></div></a></li><li class="list-item"><a href="best@categoryCode=100000000.html"><div class="img_sec"><img data-src="https://image.gmarket.co.kr/hanbando/202209/2f7e5c38-9606-4f1a-912e-f969e22f430f.jpg" class="swiper-lazy" alt=""/></div><div class="box__category-name"><div class="box__category-name-inner"><span class="category_name">정육/계란</span></div></div></a></li><li class="list-item"><a href="best@categoryCode=100001005.html"><div class="img_sec"><img data-src="https://image.gmarket.co.kr/hanbando/202207/efc9fa9b-b4d8-4eb4-b44d-dc8a47a8c00a.jpg" class="swiper-lazy" alt=""/></div><div class="box__category-name"><div class="box__category-name-inner"><span class="category_name">과일</span></div></div></a></li><li class="list-item"><a href="best@categoryCode=100001006.html"><div class="img_sec"><img data-src="https://image.gmarket.co.kr/hanbando/202207/287cdcc7-47f4-4949-8cdf-2bfb4ff5522e.jpg" class="swiper-lazy" alt=""/></div><div class="box__category-name"><div class="box__category-name-inner"><span class="category_name">냉동/간편식</span></div></div></a></li><li class="list-item"><a href="best@categoryCode=100001007.html"><div class="img_sec"><img data-src="https://image.gmarket.co.kr/hanbando/202207/92c7e264-61a8-4e11-ab2b-d3ad8a7b3ab6.jpg" class="swiper-lazy" alt=""/></div><div class="box__category-name"><div class="box__category-name-inner"><span class="category_name">쌀/잡곡</span></div></div></a></li><li class="list-item"><a href="best@categoryCode=100001008.html"><div class="img_sec"><img data-src="https://image.gmarket.co.kr/hanbando/202209/eb8b0652-724b-465a-800a-49436a3f5435.jpg" class="swiper-lazy" alt=""/></div><div class="box__category-name"><div class="box__category-name-inner"><span class="category_name">채소/두부</span></div></div></a></li><li class="list-item"><a href="best@categoryCode=100001010.html"><div class="img_sec"><img data-src="https://image.gmarket.co.kr/hanbando/202207/9ac23369-57e8-4299-889a-4f5360cd3c28.jpg" class="swiper-lazy" alt=""/></div><div class="box__category-name"><div class="box__category-name-inner"><span class="category_name">라면/즉석식품</span></div></div></a></li><li class="list-item list-item--active"><a aria-current="page" href="best@categoryCode=100001032.html"><div class="img_sec"><img data-src="https://image.gmarket.co.kr/hanbando/202207/a28bdf02-b436-4466-88de-d8f11ca54296.jpg" class="swiper-lazy" alt=""/></div><div class="box__category-name"><div class="box__category-name-inner"><span class="category_name">생수/음료</span></div></div></a></li><li class="list-item"><a href="best@categoryCode=100001033.html"><div class="img_sec"><img data-src="https://image.gmarket.co.kr/hanbando/202207/fd43d2b2-4f77-4e2c-b5da-58d24b91d95b.jpg" class="swiper-lazy" alt=""/></div><div class="box__category-name"><div class="box__category-name-inner"><span class="category_name">과자/아이스크림</span></div></div></a></li><li class="list-item"><a href="best@categoryCode=100001034.html"><div class="img_sec"><img data-src="https://image.gmarket.co.kr/hanbando/202207/f5f1f7ed-e6a5-4ecd-ac66-aa87756158c2.jpg" class="swiper-lazy" alt=""/></div><div class="box__category-name"><div class="box__category-name-inner"><span class="category_name">우유/유제품</span></div></div></a></li></ul></div><div class="swiper-slide"><ul class="category_slide" aria-label="스마일프레시 베스트 메뉴"><li class="list-item"><a href="best@categoryCode=100001035.html"><div class="img_sec"><img data-src="https://image.gmarket.co.kr/hanbando/202207/089a0e40-92de-4a0e-a8cb-2a18f78c5691.jpg" class="swiper-lazy" alt=""/></div><div class="box__category-name"><div class="box__category-name-inner"><span class="category_name">장류/양념</span></div></div></a></li><li class="list-item"><a href="best@categoryCode=100001036.html"><div class="img_sec"><img data-src="https://image.gmarket.co.kr/hanbando/202207/a5b62bcd-46b5-4059-bb1b-e01878b77ef4.jpg" class="swiper-lazy" alt=""/></div><div class="box__category-name"><div class="box__category-name-inner"><span class="category_name">화장지/위생</span></div></div></a></li><li class="list-item"><a href="best@categoryCode=100001037.html"><div class="img_sec"><img data-src="https://image.gmarket.co.kr/hanbando/202207/c5b6a09a-4955-4829-94d6-c62f818f2f34.jpg" class="swiper-lazy" alt=""/></div><div class="box__category-name"><div class="box__category-name-inner"><span class="category_name">커피/차</span></div></div></a></li><li class="list-item"><a href="best@categoryCode=100001038.html"><div class="img_sec"><img data-src="https://image.gmarket.co.kr/hanbando/202207/23143aa7-715d-4778-8b1e-ab87422a8d3a.jpg" class="swiper-lazy" alt=""/></div><div class="box__category-name"><div class="box__category-name-inner"><span class="category_name">수산물</span></div></div></a></li><li class="list-item"><a href="best@categoryCode=100001039.html"><div class="img_sec"><img data-src="https://image.gmarket.co.kr/hanbando/202207/85d41348-f077-4b90-b0ff-3599d16216b2.jpg" class="swiper-lazy" alt=""/></div><div class="box__category-name"><div class="box__category-name-inner"><span class="category_name">밀키트/반찬</span></div></div></a></li><li class="list-item"><a href="best@categoryCode=100002000.html"><div class="img_sec"><img data-src="https://image.gmarket.co.kr/hanbando/202208/ea1ecb73-6a2c-45f7-8a89-2e130b634a99.jpg" class="swiper-lazy" alt=""/></div><div class="box__category-name"><div class="box__category-name-inner"><span class="category_name">베이커리/잼</span></div></div></a></li><li class="list-item"><a href="best@categoryCode=100002001.html"><div class="img_sec"><img data-src="https://image.gmarket.co.kr/hanbando/202208/7088de74-301b-48ef-911c-f33ed6a22f9b.jpg" class="swiper-lazy" alt=""/></div><div class="box__category-name"><div class="box__category-name-inner"><span class="category_name">건강식품</span></div></div></a></li><li class="list-item"><a href="best@categoryCode=100002002.html"><div class="img_sec"><img data-src="https://image.gmarket.co.kr/hanbando/202208/39888525-4f61-453f-865c-83b6ca536b58.jpg" class="swiper-lazy" alt=""/></div><div class="box__category-name"><div class="box__category-name-inner"><span class="category_name">세탁/청소/욕실용품</span></div></div></a></li><li class="list-item"><a href="best@categoryCode=100002003.html"><div class="img_sec"><img data-src="https://image.gmarket.co.kr/hanbando/202208/a9484e1d-492e-4ab4-84db-1a387177dcbf.jpg" class="swiper-lazy" alt=""/></div><div class="box__category-name"><div class="box__category-name-inner"><span class="category_name">리빙</span></div></div></a></li><li class="list-item"><a href="best@categoryCode=100002004.html"><div class="img_sec"><img data-src="https://image.gmarket.co.kr/hanbando/202208/e0d7614a-763e-4d90-b696-b20c76e890ca.jpg" class="swiper-lazy" alt=""/></div><div class="box__category-name"><div class="box__category-name-inner"><span class="category_name">주방/일회용품</span></div></div></a></li><li class="list-item"><a href="best@categoryCode=100002005.html"><div class="img_sec"><img data-src="https://image.gmarket.co.kr/hanbando/202208/231a3b36-5d05-467d-a33a-8651b9cf19c6.jpg" class="swiper-lazy" alt=""/></div><div class="box__category-name"><div class="box__category-name-inner"><span class="category_name">생활잡화/공구</span></div></div></a></li><li class="list-item"><a href="best@categoryCode=100002006.html"><div class="img_sec"><img data-src="https://image.gmarket.co.kr/hanbando/202208/692a0b18-2063-4f86-a0af-3f7bbee09696.jpg" class="swiper-lazy" alt=""/></div><div class="box__category-name"><div class="box__category-name-inner"><span class="category_name">반려동물</span></div></div></a></li></ul></div><div class="swiper-slide"><ul class="category_slide" aria-label="스마일프레시 베스트 메뉴"><li class="list-item"><a href="best@categoryCode=100002007.html"><div class="img_sec"><img data-src="https://image.gmarket.co.kr/hanbando/202208/ba755a2e-4a11-472c-92f0-6b82f671b1f8.jpg" class="swiper-lazy" alt=""/></div><div class="box__category-name"><div class="box__category-name-inner"><span class="category_name">뷰티</span></div></div></a></li><li class="list-item"><a href="best@categoryCode=100002008.html"><div class="img_sec"><img data-src="https://image.gmarket.co.kr/hanbando/202208/fd6fb0fe-4f81-48ea-bec2-5cc37db6fa18.jpg" class="swiper-lazy" alt=""/></div><div class="box__category-name"><div class="box__category-name-inner"><span class="category_name">유아동/출산/완구</span></div></div></a></li><li class="list-item"><a href="best@categoryCode=100002009.html"><div class="img_sec"><img data-src="https://image.gmarket.co.kr/hanbando/202208/315ccf35-b333-4017-b664-ccb1ba966ef0.jpg" class="swiper-lazy" alt=""/></div><div class="box__category-name"><div class="box__category-name-inner"><span class="category_name">패션/언더웨어</span></div></div></a></li><li class="list-item"><a href="best@categoryCode=100002010.html"><div class="img_sec"><img data-src="https://image.gmarket.co.kr/hanbando/202208/30fc0d1d-ea15-4e02-8f50-f144d06423ca.jpg" class="swiper-lazy" alt=""/></div><div class="box__category-name"><div class="box__category-name-inner"><span class="category_name">잡화/슈즈/명품</span></div></div></a></li><li class="list-item"><a href="best@categoryCode=100002011.html"><div class="img_sec"><img data-src="https://image.gmarket.co.kr/hanbando/202208/fa99b668-5f13-496e-a62d-dce329ead7cc.jpg" class="swiper-lazy" alt=""/></div><div class="box__category-name"><div class="box__category-name-inner"><span class="category_name">스포츠/레저/자동차</span></div></div></a></li><li class="list-item"><a href="best@categoryCode=100002012.html"><div class="img_sec"><img data-src="https://image.gmarket.co.kr/hanbando/202208/f38a6d26-1cc0-4b33-bf23-f933c2190252.jpg" class="swiper-lazy" alt=""/></div><div class="box__category-name"><div class="box__category-name-inner"><span class="category_name">디지털/가전</span></div></div></a></li><li class="list-item"><a href="best@categoryCode=100002013.html"><div class="img_sec"><img data-src="https://image.gmarket.co.kr/hanbando/202208/edd14751-f54a-48ff-ae9a-15a33b10c06c.jpg" class="swiper-lazy" alt=""/></div><div class="box__category-name"><div class="box__category-name-inner"><span class="category_name">문구/취미/도서</span></div></div></a></li><li class="list-item"><a href="best.html"><div class="img_sec"><img data-src="//pics.gmarket.co.kr/pc/single/kr/smilefresh/image__category-all.png" class="swiper-lazy" alt=""/></div><div class="box__category-name"><div class="box__category-name-inner"><span class="category_name">전체</span></div></div></a></li><li class="list-item"><a href="best@categoryCode=100000000.html"><div class="img_sec"><img data-src="https://image.gmarket.co.kr/hanbando/202209/2f7e5c38-9606-4f1a-912e-f969e22f430f.jpg" class="swiper-lazy" alt=""/></div><div class="box__category-name"><div class="box__category-name-inner"><span class="category_name">정육/계란</span></div></div></a></li><li class="list-item"><a href="best@categoryCode=100001005.html"><div class="img_sec"><img data-src="https://image.gmarket.co.kr/hanbando/202207/efc9fa9b-b4d8-4eb4-b44d-dc8a47a8c00a.jpg" class="swiper-lazy" alt=""/></div><div class="box__category-name"><div class="box__category-name-inner"><span class="category_name">과일</span></div></div></a></li><li class="list-item"><a href="best@categoryCode=100001006.html"><div class="img_sec"><img data-src="https://image.gmarket.co.kr/hanbando/202207/287cdcc7-47f4-4949-8cdf-2bfb4ff5522e.jpg" class="swiper-lazy" alt=""/></div><div class="box__category-name"><div class="box__category-name-inner"><span class="category_name">냉동/간편식</span></div></div></a></li><li class="list-item"><a href="best@categoryCode=100001007.html"><div class="img_sec"><img data-src="https://image.gmarket.co.kr/hanbando/202207/92c7e264-61a8-4e11-ab2b-d3ad8a7b3ab6.jpg" class="swiper-lazy" alt=""/></div><div class="box__category-name"><div class="box__category-name-inner"><span class="category_name">쌀/잡곡</span></div></div></a></li></ul></div><div class="swiper-slide"><ul class="category_slide" aria-label="스마일프레시 베스트 메뉴"><li class="list-item"><a href="best@categoryCode=100001008.html"><div class="img_sec"><img data-src="https://image.gmarket.co.kr/hanbando/202209/eb8b0652-724b-465a-800a-49436a3f5435.jpg" class="swiper-lazy" alt=""/></div><div class="box__category-name"><div class="box__category-name-inner"><span class="category_name">채소/두부</span></div></div></a></li><li class="list-item"><a href="best@categoryCode=100001010.html"><div class="img_sec"><img data-src="https://image.gmarket.co.kr/hanbando/202207/9ac23369-57e8-4299-889a-4f5360cd3c28.jpg" class="swiper-lazy" alt=""/></div><div class="box__category-name"><div class="box__category-name-inner"><span class="category_name">라면/즉석식품</span></div></div></a></li><li class="list-item list-item--active"><a aria-current="page" href="best@categoryCode=100001032.html"><div class="img_sec"><img data-src="https://image.gmarket.co.kr/hanbando/202207/a28bdf02-b436-4466-88de-d8f11ca54296.jpg" class="swiper-lazy" alt=""/></div><div class="box__category-name"><div class="box__category-name-inner"><span class="category_name">생수/음료</span></div></div></a></li><li class="list-item"><a href="best@categoryCode=100001033.html"><div class="img_sec"><img data-src="https://image.gmarket.co.kr/hanbando/202207/fd43d2b2-4f77-4e2c-b5da-58d24b91d95b.jpg" class="swiper-lazy" alt=""/></div><div class="box__category-name"><div class="box__category-name-inner"><span class="category_name">과자/아이스크림</span></div></div></a></li><li class="list-item"><a href="best@categoryCode=100001034.html"><div class="img_sec"><img data-src="https://image.gmarket.co.kr/hanbando/202207/f5f1f7ed-e6a5-4ecd-ac66-aa87756158c2.jpg" class="swiper-lazy" alt=""/></div><div class="box__category-name"><div class="box__category-name-inner"><span class="category_name">우유/유제품</span></div></div></a></li><li class="list-item"><a href="best@categoryCode=100001035.html"><div class="img_sec"><img data-src="https://image.gmarket.co.kr/hanbando/202207/089a0e40-92de-4a0e-a8cb-2a18f78c5691.jpg" class="swiper-lazy" alt=""/></div><div class="box__category-name"><div class="box__category-name-inner"><span class="category_name">장류/양념</span></div></div></a></li><li class="list-item"><a href="best@categoryCode=100001036.html"><div class="img_sec"><img data-src="https://image.gmarket.co.kr/hanbando/202207/a5b62bcd-46b5-4059-bb1b-e01878b77ef4.jpg" class="swiper-lazy" alt=""/></div><div class="box__category-name"><div class="box__category-name-inner"><span class="category_name">화장지/위생</span></div></div></a></li><li class="list-item"><a href="best@categoryCode=100001037.html"><div class="img_sec"><img data-src="https://image.gmarket.co.kr/hanbando/202207/c5b6a09a-4955-4829-94d6-c62f818f2f34.jpg" class="swiper-lazy" alt=""/></div><div class="box__category-name"><div class="box__category-name-inner"><span class="category_name">커피/차</span></div></div></a></li><li class="list-item"><a href="best@categoryCode=100001038.html"><div class="img_sec"><img data-src="https://image.gmarket.co.kr/hanbando/202207/23143aa7-715d-4778-8b1e-ab87422a8d3a.jpg" class="swiper-lazy" alt=""/></div><div class="box__category-name"><div class="box__category-name-inner"><span class="category_name">수산물</span></div></div></a></li><li class="list-item"><a href="best@categoryCode=100001039.html"><div class="img_sec"><img data-src="https://image.gmarket.co.kr/hanbando/202207/85d41348-f077-4b90-b0ff-3599d16216b2.jpg" class="swiper-lazy" alt=""/></div><div class="box__category-name"><div class="box__category-name-inner"><span class="category_name">밀키트/반찬</span></div></div></a></li><li class="list-item"><a href="best@categoryCode=100002000.html"><div class="img_sec"><img data-src="https://image.gmarket.co.kr/hanbando/202208/ea1ecb73-6a2c-45f7-8a89-2e130b634a99.jpg" class="swiper-lazy" alt=""/></div><div class="box__category-name"><div class="box__category-name-inner"><span class="category_name">베이커리/잼</span></div></div></a></li><li class="list-item"><a href="best@categoryCode=100002001.html"><div class="img_sec"><img data-src="https://image.gmarket.co.kr/hanbando/202208/7088de74-301b-48ef-911c-f33ed6a22f9b.jpg" class="swiper-lazy" alt=""/></div><div class="box__category-name"><div class="box__category-name-inner"><span class="category_name">건강식품</span></div></div></a></li></ul></div><div class="swiper-slide"><ul class="category_slide" aria-label="스마일프레시 베스트 메뉴"><li class="list-item"><a href="best@categoryCode=100002002.html"><div class="img_sec"><img data-src="https://image.gmarket.co.kr/hanbando/202208/39888525-4f61-453f-865c-83b6ca536b58.jpg" class="swiper-lazy" alt=""/></div><div class="box__category-name"><div class="box__category-name-inner"><span class="category_name">세탁/청소/욕실용품</span></div></div></a></li><li class="list-item"><a href="best@categoryCode=100002003.html"><div class="img_sec"><img data-src="https://image.gmarket.co.kr/hanbando/202208/a9484e1d-492e-4ab4-84db-1a387177dcbf.jpg" class="swiper-lazy" alt=""/></div><div class="box__category-name"><div class="box__category-name-inner"><span class="category_name">리빙</span></div></div></a></li><li class="list-item"><a href="best@categoryCode=100002004.html"><div class="img_sec"><img data-src="https://image.gmarket.co.kr/hanbando/202208/e0d7614a-763e-4d90-b696-b20c76e890ca.jpg" class="swiper-lazy" alt=""/></div><div class="box__category-name"><div class="box__category-name-inner"><span class="category_name">주방/일회용품</span></div></div></a></li><li class="list-item"><a href="best@categoryCode=100002005.html"><div class="img_sec"><img data-src="https://image.gmarket.co.kr/hanbando/202208/231a3b36-5d05-467d-a33a-8651b9cf19c6.jpg" class="swiper-lazy" alt=""/></div><div class="box__category-name"><div class="box__category-name-inner"><span class="category_name">생활잡화/공구</span></div></div></a></li><li class="list-item"><a href="best@categoryCode=100002006.html"><div class="img_sec"><img data-src="https://image.gmarket.co.kr/hanbando/202208/692a0b18-2063-4f86-a0af-3f7bbee09696.jpg" class="swiper-lazy" alt=""/></div><div class="box__category-name"><div class="box__category-name-inner"><span class="category_name">반려동물</span></div></div></a></li><li class="list-item"><a href="best@categoryCode=100002007.html"><div class="img_sec"><img data-src="https://image.gmarket.co.kr/hanbando/202208/ba755a2e-4a11-472c-92f0-6b82f671b1f8.jpg" class="swiper-lazy" alt=""/></div><div class="box__category-name"><div class="box__category-name-inner"><span class="category_name">뷰티</span></div></div></a></li><li class="list-item"><a href="best@categoryCode=100002008.html"><div class="img_sec"><img data-src="https://image.gmarket.co.kr/hanbando/202208/fd6fb0fe-4f81-48ea-bec2-5cc37db6fa18.jpg" class="swiper-lazy" alt=""/></div><div class="box__category-name"><div class="box__category-name-inner"><span class="category_name">유아동/출산/완구</span></div></div></a></li><li class="list-item"><a href="best@categoryCode=100002009.html"><div class="img_sec"><img data-src="https://image.gmarket.co.kr/hanbando/202208/315ccf35-b333-4017-b664-ccb1ba966ef0.jpg" class="swiper-lazy" alt=""/></div><div class="box__category-name"><div class="box__category-name-inner"><span class="category_name">패션/언더웨어</span></div></div></a></li><li class="list-item"><a href="best@categoryCode=100002010.html"><div class="img_sec"><img data-src="https://image.gmarket.co.kr/hanbando/202208/30fc0d1d-ea15-4e02-8f50-f144d06423ca.jpg" class="swiper-lazy" alt=""/></div><div class="box__category-name"><div class="box__category-name-inner"><span class="category_name">잡화/슈즈/명품</span></div></div></a></li><li class="list-item"><a href="best@categoryCode=100002011.html"><div class="img_sec"><img data-src="https://image.gmarket.co.kr/hanbando/202208/fa99b668-5f13-496e-a62d-dce329ead7cc.jpg" class="swiper-lazy" alt=""/></div><div class="box__category-name"><div class="box__category-name-inner"><span class="category_name">스포츠/레저/자동차</span></div></div></a></li><li class="list-item"><a href="best@categoryCode=100002012.html"><div class="img_sec"><img data-src="https://image.gmarket.co.kr/hanbando/202208/f38a6d26-1cc0-4b33-bf23-f933c2190252.jpg" class="swiper-lazy" alt=""/></div><div class="box__category-name"><div class="box__category-name-inner"><span class="category_name">디지털/가전</span></div></div></a></li><li class="list-item"><a href="best@categoryCode=100002013.html"><div class="img_sec"><img data-src="https://image.gmarket.co.kr/hanbando/202208/edd14751-f54a-48ff-ae9a-15a33b10c06c.jpg" class="swiper-lazy" alt=""/></div><div class="box__category-name"><div class="box__category-name-inner"><span class="category_name">문구/취미/도서</span></div></div></a></li></ul></div></div></div></div><div class="nav"><button type="button" class="sprite__smilefresh swiper-button-prev prev" aria-label="이전 슬라이드"></button><button type="button" class="sprite__smilefresh swiper-button-next next" aria-label="다음 슬라이드"></button></div></div></div></div><div class="box__smilefresh-inner"><div class="box__itemcard"><div class="box__items-list"><ul class="list__itemcard-slide"><li class="list-item"><div class="box__itemcard-container"><div class="box__itemcard-body"><div class="box__itemcard-inner"><span class="box__thumbnail__label">1</span><a class="link__itemcard" href="https://item.gmarket.co.kr/Item?goodscode=2522759637" tabindex="-1" aria-hidden="true"><span class="box__itemcard-img"><img class="image__itemcard no-js-400?ver=1720672681" src="data:image/gif;base64,R0lGODlhAQABAIAAAP///wAAACH5BAEAAAAALAAAAAABAAEAAAICRAEAOw==" alt="노브랜드 미네랄워터 2L6 - 상품 이미지"/><noscript><style>.no-js-400?ver=1720672681 { display: none !important; }</style><img class="image__itemcard" src="https://gdimg.gmarket.co.kr/2522759637/still/400?ver=1720672681" alt="노브랜드 미네랄워터 2L6 - 상품 이미지"/></noscript></span></a><div class="box__itemcard-info"><div class="box__element-info"><div class="element-info-qty"><button aria-describedby="itemCard_title_2522759637" class="sprite__smilefresh--before element-info-qty-minus" aria-disabled="true"><span class="for-a11y">상품 수 <!-- -->1<!-- --> 감소</span></button><span class="element-info-item-qty" aria-describedby="itemCard_title_2522759637"><span class="for-a11y">선택된 수량</span> <!-- -->1</span><button aria-describedby="itemCard_title_2522759637" class="sprite__smilefresh--before element-info-qty-plus"><span class="for-a11y">상품 수 <!-- -->1<!-- --> 증가</span></button></div><button type="button" class="sprite__smilefresh--before element-info-cart" aria-describedby="itemCard_title_2522759637"><span class="for-a11y">장바구니 담기</span></button></div><a href="https://item.gmarket.co.kr/Item?goodscode=2522759637" class="link__itemcard-info"><span class="box__itemcard-title-area" id="itemCard_title_2522759637"><span class="text__brand"><span class="text">노브랜드</span></span><span class="text__title" id="item_title">노브랜드 미네랄워터 2L6</span></span><span class="box__itemcard-price-area"><span class="box__price-seller"><span class="for-a11y">판매가</span><strong class="text__price-seller">1,980</strong><span class="text__unit">원</span></span></span><span class="box__itemcard-info-score"><span class="sprite__smilefresh--before box__score-awards"><span class="for-a11y">평점</span><span class="text text__score">4.8</span><span class="for-a11y">후기</span><span class="text text__num">(30,938)</span><span class="for-a11y">건</span></span><span class="box__score-buycnt"><span class="text text__buy">구매</span><span class="text text__num">101,711</span><span class="for-a11y">건</span></span></span></a><button type="button" class="sprite__smilefresh--after button__favorite-item" aria-describedby="itemCard_title_2522759637" aria-pressed="false" aria-label="관심상품 등록하기"></button></div></div></div></div></li><li class="list-item"><div class="box__itemcard-container"><div class="box__itemcard-body"><div class="box__itemcard-inner"><span class="box__thumbnail__label">2</span><a class="link__itemcard" href="https://item.gmarket.co.kr/Item?goodscode=2519116549" tabindex="-1" aria-hidden="true"><span class="box__itemcard-img"><img class="image__itemcard no-js-400?ver=1723616122" src="data:image/gif;base64,R0lGODlhAQABAIAAAP///wAAACH5BAEAAAAALAAAAAABAAEAAAICRAEAOw==" alt="제주삼다수 그린 2L 6병 - 상품 이미지"/><noscript><style>.no-js-400?ver=1723616122 { display: none !important; }</style><img class="image__itemcard" src="https://gdimg.gmarket.co.kr/2519116549/still/400?ver=1723616122" alt="제주삼다수 그린 2L 6병 - 상품 이미지"/></noscript></span></a><div class="box__itemcard-info"><div class="box__element-info"><div class="element-info-qty"><button aria-describedby="itemCard_title_2519116549" class="sprite__smilefresh--before element-info-qty-minus" aria-disabled="true"><span class="for-a11y">상품 수 <!-- -->1<!-- --> 감소</span></button><span class="element-info-item-qty" aria-describedby="itemCard_title_2519116549"><span class="for-a11y">선택된 수량</span> <!-- -->1</span><button aria-describedby="itemCard_title_2519116549" class="sprite__smilefresh--before element-info-qty-plus"><span class="for-a11y">상품 수 <!-- -->1<!-- --> 증가</span></button></div><button type="button" class="sprite__smilefresh--before element-info-cart" aria-describedby="itemCard_title_2519116549"><span class="for-a11y">장바구니 담기</span></button></div><a href="https://item.gmarket.co.kr/Item?goodscode=2519116549" class="link__itemcard-info"><span class="box__itemcard-title-area" id="itemCard_title_2519116549"><span class="text__brand"><span class="text">제주삼다수</span></span><span class="text__title" id="item_title">제주삼다수 그린 2L 6병</span></span><span class="box__itemcard-price-area"><span class="box__price-seller"><span class="for-a11y">판매가</span><strong class="text__price-seller">6,480</strong><span class="text__unit">원</span></span><span class="box__prime-cost"><span class="for-a11y">원가</span><span class="text__unit-cost">(<!-- -->100mL당 54원<!-- -->)</span></span></span><span class="box__itemcard-info-score"><span class="sprite__smilefresh--before box__score-awards"><span class="for-a11y">평점</span><span class="text text__score">4.8</span><span class="for-a11y">후기</span><span class="text text__num">(13,059)</span><span class="for-a11y">건</span></span><span class="box__score-buycnt"><span class="text text__buy">구매</span><span class="text text__num">59,513</span><span class="for-a11y">건</span></span></span><span class="box__itemcard-benefit-tag"><span class="box__tag box__tag-coupon"><span class="sprite__smilefresh--before box__inner">15% 쿠폰</span></span></span></a><button type="button" class="sprite__smilefresh--after button__favorite-item" aria-describedby="itemCard_title_2519116549" aria-pressed="false" aria-label="관심상품 등록하기"></button></div></div></div></div></li><li class="list-item"><div class="box__itemcard-container"><div class="box__itemcard-body"><div class="box__itemcard-inner"><span class="box__thumbnail__label">3</span><a class="link__itemcard" href="https://item.gmarket.co.kr/Item?goodscode=2518471760" tabindex="-1" aria-hidden="true"><span class="box__itemcard-img"><img class="image__itemcard no-js-400?ver=1725092652" src="data:image/gif;base64,R0lGODlhAQABAIAAAP///wAAACH5BAEAAAAALAAAAAABAAEAAAICRAEAOw==" alt="코카콜라 1.8L - 상품 이미지"/><noscript><style>.no-js-400?ver=1725092652 { display: none !important; }</style><img class="image__itemcard" src="https://gdimg.gmarket.co.kr/2518471760/still/400?ver=1725092652" alt="코카콜라 1.8L - 상품 이미지"/></noscript></span></a><div class="box__itemcard-info"><div class="box__element-info"><div class="element-info-qty"><button aria-describedby="itemCard_title_2518471760" class="sprite__smilefresh--before element-info-qty-minus" aria-disabled="true"><span class="for-a11y">상품 수 <!-- -->1<!-- --> 감소</span></button><span class="element-info-item-qty" aria-describedby="itemCard_title_2518471760"><span class="for-a11y">선택된 수량</span> <!-- -->1</span><button aria-describedby="itemCard_title_2518471760" class="sprite__smilefresh--before element-info-qty-plus"><span class="for-a11y">상품 수 <!-- -->1<!-- --> 증가</span></button></div><button type="button" class="sprite__smilefresh--before element-info-cart" aria-describedby="itemCard_title_2518471760"><span class="for-a11y">장바구니 담기</span></button></div><a href="https://item.gmarket.co.kr/Item?goodscode=2518471760" class="link__itemcard-info"><span class="box__itemcard-title-area" id="itemCard_title_2518471760"><span class="text__brand"><span class="text">코카콜라</span></span><span class="text__title" id="item_title">코카콜라 1.8L</span></span><span class="box__itemcard-price-area"><span class="box__price-seller"><span class="for-a11y">판매가</span><strong class="text__price-seller">2,380</strong><span class="text__unit">원</span></span><span class="box__prime-cost"><span class="for-a11y">원가</span><span class="text__unit-cost">(<!-- -->100mL당 132원<!-- -->)</span></span></span><span class="box__itemcard-info-score"><span class="sprite__smilefresh--before box__score-awards"><span class="for-a11y">평점</span><span class="text text__score">4.8</span><span class="for-a11y">후기</span><span class="text text__num">(6,472)</span><span class="for-a11y">건</span></span><span class="box__score-buycnt"><span class="text text__buy">구매</span><span class="text text__num">57,707</span><span class="for-a11y">건</span></span></span><span class="box__itemcard-benefit-tag"><span class="box__tag box__tag-coupon"><span class="sprite__smilefresh--before box__inner">15% 쿠폰</span></span></span></a><button type="button" class="sprite__smilefresh--after button__favorite-item" aria-describedby="itemCard_title_2518471760" aria-pressed="false" aria-label="관심상품 등록하기"></button></div></div></div></div></li><li class="list-item"><div class="box__itemcard-container"><div class="box__itemcard-body"><div class="box__itemcard-inner"><span class="box__thumbnail__label">4</span><a class="link__itemcard" href="https://item.gmarket.co.kr/Item?goodscode=2522760386" tabindex="-1" aria-hidden="true"><span class="box__itemcard-img"><img class="image__itemcard no-js-400?ver=1720672675" src="data:image/gif;base64,R0lGODlhAQABAIAAAP///wAAACH5BAEAAAAALAAAAAABAAEAAAICRAEAOw==" alt="노브랜드 미네랄워터 500ml20 - 상품 이미지"/><noscript><style>.no-js-400?ver=1720672675 { display: none !important; }</style><img class="image__itemcard" src="https://gdimg.gmarket.co.kr/2522760386/still/400?ver=1720672675" alt="노브랜드 미네랄워터 500ml20 - 상품 이미지"/></noscript></span></a><div class="box__itemcard-info"><div class="box__element-info"><div class="element-info-qty"><button aria-describedby="itemCard_title_2522760386" class="sprite__smilefresh--before element-info-qty-minus" aria-disabled="true"><span class="for-a11y">상품 수 <!-- -->1<!-- --> 감소</span></button><span class="element-info-item-qty" aria-describedby="itemCard_title_2522760386"><span class="for-a11y">선택된 수량</span> <!-- -->1</span><button aria-describedby="itemCard_title_2522760386" class="sprite__smilefresh--before element-info-qty-plus"><span class="for-a11y">상품 수 <!-- -->1<!-- --> 증가</span></button></div><button type="button" class="sprite__smilefresh--before element-info-cart" aria-describedby="itemCard_title_2522760386"><span class="for-a11y">장바구니 담기</span></button></div><a href="https://item.gmarket.co.kr/Item?goodscode=2522760386" class="link__itemcard-info"><span class="box__itemcard-title-area" id="itemCard_title_2522760386"><span class="text__brand"><span class="text">노브랜드</span></span><span class="text__title" id="item_title">노브랜드 미네랄워터 500ml20</span></span><span class="box__itemcard-price-area"><span class="box__price-seller"><span class="for-a11y">판매가</span><strong class="text__price-seller">3,800</strong><span class="text__unit">원</span></span></span><span class="box__itemcard-info-score"><span class="sprite__smilefresh--before box__score-awards"><span class="for-a11y">평점</span><span class="text text__score">4.8</span><span class="for-a11y">후기</span><span class="text text__num">(7,469)</span><span class="for-a11y">건</span></span><span class="box__score-buycnt"><span class="text text__buy">구매</span><span class="text text__num">22,498</span><span class="for-a11y">건</span></span></span></a><button type="button" class="sprite__smilefresh--after button__favorite-item" aria-describedby="itemCard_title_2522760386" aria-pressed="false" aria-label="관심상품 등록하기"></button></div></div></div></div></li><li class="list-item"><div class="box__itemcard-container"><div class="box__itemcard-body"><div class="box__itemcard-inner"><span class="box__thumbnail__label">5</span><a class="link__itemcard" href="https://item.gmarket.co.kr/Item?goodscode=2615197776" tabindex="-1" aria-hidden="true"><span class="box__itemcard-img"><img class="image__itemcard no-js-400?ver=1725092458" src="data:image/gif;base64,R0lGODlhAQABAIAAAP///wAAACH5BAEAAAAALAAAAAABAAEAAAICRAEAOw==" alt="델몬트 마음담은기쁨드림선물세트180ml12입 - 상품 이미지"/><noscript><style>.no-js-400?ver=1725092458 { display: none !important; }</style><img class="image__itemcard" src="https://gdimg.gmarket.co.kr/2615197776/still/400?ver=1725092458" alt="델몬트 마음담은기쁨드림선물세트180ml12입 - 상품 이미지"/></noscript></span></a><div class="box__itemcard-info"><div class="box__element-info"><div class="element-info-qty"><button aria-describedby="itemCard_title_2615197776" class="sprite__smilefresh--before element-info-qty-minus" aria-disabled="true"><span class="for-a11y">상품 수 <!-- -->1<!-- --> 감소</span></button><span class="element-info-item-qty" aria-describedby="itemCard_title_2615197776"><span class="for-a11y">선택된 수량</span> <!-- -->1</span><button aria-describedby="itemCard_title_2615197776" class="sprite__smilefresh--before element-info-qty-plus"><span class="for-a11y">상품 수 <!-- -->1<!-- --> 증가</span></button></div><button type="button" class="sprite__smilefresh--before element-info-cart" aria-describedby="itemCard_title_2615197776"><span class="for-a11y">장바구니 담기</span></button></div><a href="https://item.gmarket.co.kr/Item?goodscode=2615197776" class="link__itemcard-info"><span class="box__itemcard-title-area" id="itemCard_title_2615197776"><span class="text__title" id="item_title">델몬트 마음담은기쁨드림선물세트180ml12입</span></span><span class="box__itemcard-price-area"><span class="box__price-seller"><span class="for-a11y">판매가</span><strong class="text__price-seller">13,880</strong><span class="text__unit">원</span></span></span><span class="box__itemcard-info-score"><span class="sprite__smilefresh--before box__score-awards"><span class="for-a11y">평점</span><span class="text text__score">4.7</span><span class="for-a11y">후기</span><span class="text text__num">(633)</span><span class="for-a11y">건</span></span><span class="box__score-buycnt"><span class="text text__buy">구매</span><span class="text text__num">2,427</span><span class="for-a11y">건</span></span></span><span class="box__itemcard-benefit-tag"><span class="box__tag box__tag-coupon"><span class="sprite__smilefresh--before box__inner">15% 쿠폰</span></span></span></a><button type="button" class="sprite__smilefresh--after button__favorite-item" aria-describedby="itemCard_title_2615197776" aria-pressed="false" aria-label="관심상품 등록하기"></button></div></div></div></div></li><li class="list-item"><div class="box__itemcard-container"><div class="box__itemcard-body"><div class="box__itemcard-inner"><span class="box__thumbnail__label">6</span><a class="link__itemcard" href="https://item.gmarket.co.kr/Item?goodscode=2618470667" tabindex="-1" aria-hidden="true"><span class="box__itemcard-img"><img class="image__itemcard no-js-400?ver=1725043522" src="data:image/gif;base64,R0lGODlhAQABAIAAAP///wAAACH5BAEAAAAALAAAAAABAAEAAAICRAEAOw==" alt="아이시스8.0ECO 2L6입 - 상품 이미지"/><noscript><style>.no-js-400?ver=1725043522 { display: none !important; }</style><img class="image__itemcard" src="https://gdimg.gmarket.co.kr/2618470667/still/400?ver=1725043522" alt="아이시스8.0ECO 2L6입 - 상품 이미지"/></noscript></span></a><div class="box__itemcard-info"><div class="box__element-info"><div class="element-info-qty"><button aria-describedby="itemCard_title_2618470667" class="sprite__smilefresh--before element-info-qty-minus" aria-disabled="true"><span class="for-a11y">상품 수 <!-- -->1<!-- --> 감소</span></button><span class="element-info-item-qty" aria-describedby="itemCard_title_2618470667"><span class="for-a11y">선택된 수량</span> <!-- -->1</span><button aria-describedby="itemCard_title_2618470667" class="sprite__smilefresh--before element-info-qty-plus"><span class="for-a11y">상품 수 <!-- -->1<!-- --> 증가</span></button></div><button type="button" class="sprite__smilefresh--before element-info-cart" aria-describedby="itemCard_title_2618470667"><span class="for-a11y">장바구니 담기</span></button></div><a href="https://item.gmarket.co.kr/Item?goodscode=2618470667" class="link__itemcard-info"><span class="box__itemcard-title-area" id="itemCard_title_2618470667"><span class="text__title" id="item_title">아이시스8.0ECO 2L6입</span></span><span class="box__itemcard-price-area"><span class="box__price-seller"><span class="for-a11y">판매가</span><strong class="text__price-seller">4,040</strong><span class="text__unit">원</span></span><span class="box__prime-cost"><span class="for-a11y">원가</span><strong class="text__dc-rate">29<!-- -->%</strong><span class="text__prime-cost">5,760<span class="text__unit">원</span></span></span></span><span class="box__itemcard-info-score"><span class="sprite__smilefresh--before box__score-awards"><span class="for-a11y">평점</span><span class="text text__score">4.7</span><span class="for-a11y">후기</span><span class="text text__num">(1,304)</span><span class="for-a11y">건</span></span><span class="box__score-buycnt"><span class="text text__buy">구매</span><span class="text text__num">5,248</span><span class="for-a11y">건</span></span></span><span class="box__itemcard-benefit-tag"><span class="box__tag box__tag-coupon"><span class="sprite__smilefresh--before box__inner">15% 쿠폰</span></span></span></a><button type="button" class="sprite__smilefresh--after button__favorite-item" aria-describedby="itemCard_title_2618470667" aria-pressed="false" aria-label="관심상품 등록하기"></button></div></div></div></div></li><li class="list-item"><div class="box__itemcard-container"><div class="box__itemcard-body"><div class="box__itemcard-inner"><span class="box__thumbnail__label">7</span><a class="link__itemcard" href="https://item.gmarket.co.kr/Item?goodscode=2519438064" tabindex="-1" aria-hidden="true"><span class="box__itemcard-img"><img class="image__itemcard no-js-400?ver=1725121828" src="data:image/gif;base64,R0lGODlhAQABAIAAAP///wAAACH5BAEAAAAALAAAAAABAAEAAAICRAEAOw==" alt="웅진_하늘보리 1.35L - 상품 이미지"/><noscript><style>.no-js-400?ver=1725121828 { display: none !important; }</style><img class="image__itemcard" src="https://gdimg.gmarket.co.kr/2519438064/still/400?ver=1725121828" alt="웅진_하늘보리 1.35L - 상품 이미지"/></noscript></span></a><div class="box__itemcard-info"><div class="box__element-info"><div class="element-info-qty"><button aria-describedby="itemCard_title_2519438064" class="sprite__smilefresh--before element-info-qty-minus" aria-disabled="true"><span class="for-a11y">상품 수 <!-- -->1<!-- --> 감소</span></button><span class="element-info-item-qty" aria-describedby="itemCard_title_2519438064"><span class="for-a11y">선택된 수량</span> <!-- -->1</span><button aria-describedby="itemCard_title_2519438064" class="sprite__smilefresh--before element-info-qty-plus"><span class="for-a11y">상품 수 <!-- -->1<!-- --> 증가</span></button></div><button type="button" class="sprite__smilefresh--before element-info-cart" aria-describedby="itemCard_title_2519438064"><span class="for-a11y">장바구니 담기</span></button></div><a href="https://item.gmarket.co.kr/Item?goodscode=2519438064" class="link__itemcard-info"><span class="box__itemcard-title-area" id="itemCard_title_2519438064"><span class="text__brand"><span class="text">웅진</span></span><span class="text__title" id="item_title">웅진_하늘보리 1.35L</span></span><span class="box__itemcard-price-area"><span class="box__price-seller"><span class="for-a11y">판매가</span><strong class="text__price-seller">2,080</strong><span class="text__unit">원</span></span><span class="box__prime-cost"><span class="for-a11y">원가</span><span class="text__unit-cost">(<!-- -->100mL당 154원<!-- -->)</span></span></span><span class="box__itemcard-info-score"><span class="sprite__smilefresh--before box__score-awards"><span class="for-a11y">평점</span><span class="text text__score">4.8</span><span class="for-a11y">후기</span><span class="text text__num">(838)</span><span class="for-a11y">건</span></span><span class="box__score-buycnt"><span class="text text__buy">구매</span><span class="text text__num">9,203</span><span class="for-a11y">건</span></span></span><span class="box__itemcard-benefit-tag"><span class="box__tag box__tag-coupon"><span class="sprite__smilefresh--before box__inner">15% 쿠폰</span></span></span></a><button type="button" class="sprite__smilefresh--after button__favorite-item" aria-describedby="itemCard_title_2519438064" aria-pressed="false" aria-label="관심상품 등록하기"></button></div></div></div></div></li><li class="list-item"><div class="box__itemcard-container"><div class="box__itemcard-body"><div class="box__itemcard-inner"><span class="box__thumbnail__label">8</span><a class="link__itemcard" href="https://item.gmarket.co.kr/Item?goodscode=2518949521" tabindex="-1" aria-hidden="true"><span class="box__itemcard-img"><img class="image__itemcard no-js-400?ver=1720674583" src="data:image/gif;base64,R0lGODlhAQABAIAAAP///wAAACH5BAEAAAAALAAAAAABAAEAAAICRAEAOw==" alt="피코크 트루워터 2L X 6(무라벨 생수) - 상품 이미지"/><noscript><style>.no-js-400?ver=1720674583 { display: none !important; }</style><img class="image__itemcard" src="https://gdimg.gmarket.co.kr/2518949521/still/400?ver=1720674583" alt="피코크 트루워터 2L X 6(무라벨 생수) - 상품 이미지"/></noscript></span></a><div class="box__itemcard-info"><div class="box__element-info"><div class="element-info-qty"><button aria-describedby="itemCard_title_2518949521" class="sprite__smilefresh--before element-info-qty-minus" aria-disabled="true"><span class="for-a11y">상품 수 <!-- -->1<!-- --> 감소</span></button><span class="element-info-item-qty" aria-describedby="itemCard_title_2518949521"><span class="for-a11y">선택된 수량</span> <!-- -->1</span><button aria-describedby="itemCard_title_2518949521" class="sprite__smilefresh--before element-info-qty-plus"><span class="for-a11y">상품 수 <!-- -->1<!-- --> 증가</span></button></div><button type="button" class="sprite__smilefresh--before element-info-cart" aria-describedby="itemCard_title_2518949521"><span class="for-a11y">장바구니 담기</span></button></div><a href="https://item.gmarket.co.kr/Item?goodscode=2518949521" class="link__itemcard-info"><span class="box__itemcard-title-area" id="itemCard_title_2518949521"><span class="text__brand"><span class="text">피코크</span></span><span class="text__title" id="item_title">피코크 트루워터 2L X 6(무라벨 생수)</span></span><span class="box__itemcard-price-area"><span class="box__price-seller"><span class="for-a11y">판매가</span><strong class="text__price-seller">2,880</strong><span class="text__unit">원</span></span></span><span class="box__itemcard-info-score"><span class="sprite__smilefresh--before box__score-awards"><span class="for-a11y">평점</span><span class="text text__score">4.8</span><span class="for-a11y">후기</span><span class="text text__num">(5,081)</span><span class="for-a11y">건</span></span><span class="box__score-buycnt"><span class="text text__buy">구매</span><span class="text text__num">25,769</span><span class="for-a11y">건</span></span></span><span class="box__itemcard-benefit-tag"><span class="box__tag box__tag-coupon"><span class="sprite__smilefresh--before box__inner">15% 쿠폰</span></span></span></a><button type="button" class="sprite__smilefresh--after button__favorite-item" aria-describedby="itemCard_title_2518949521" aria-pressed="false" aria-label="관심상품 등록하기"></button></div></div></div></div></li><li class="list-item"><div class="box__itemcard-container"><div class="box__itemcard-body"><div class="box__itemcard-inner"><span class="box__thumbnail__label">9</span><a class="link__itemcard" href="https://item.gmarket.co.kr/Item?goodscode=2518949602" tabindex="-1" aria-hidden="true"><span class="box__itemcard-img"><img class="image__itemcard no-js-400?ver=1720674561" src="data:image/gif;base64,R0lGODlhAQABAIAAAP///wAAACH5BAEAAAAALAAAAAABAAEAAAICRAEAOw==" alt="피코크 트루워터 330ml X 20(무라벨 생수) - 상품 이미지"/><noscript><style>.no-js-400?ver=1720674561 { display: none !important; }</style><img class="image__itemcard" src="https://gdimg.gmarket.co.kr/2518949602/still/400?ver=1720674561" alt="피코크 트루워터 330ml X 20(무라벨 생수) - 상품 이미지"/></noscript></span></a><div class="box__itemcard-info"><div class="box__element-info"><div class="element-info-qty"><button aria-describedby="itemCard_title_2518949602" class="sprite__smilefresh--before element-info-qty-minus" aria-disabled="true"><span class="for-a11y">상품 수 <!-- -->1<!-- --> 감소</span></button><span class="element-info-item-qty" aria-describedby="itemCard_title_2518949602"><span class="for-a11y">선택된 수량</span> <!-- -->1</span><button aria-describedby="itemCard_title_2518949602" class="sprite__smilefresh--before element-info-qty-plus"><span class="for-a11y">상품 수 <!-- -->1<!-- --> 증가</span></button></div><button type="button" class="sprite__smilefresh--before element-info-cart" aria-describedby="itemCard_title_2518949602"><span class="for-a11y">장바구니 담기</span></button></div><a href="https://item.gmarket.co.kr/Item?goodscode=2518949602" class="link__itemcard-info"><span class="box__itemcard-title-area" id="itemCard_title_2518949602"><span class="text__title" id="item_title">피코크 트루워터 330ml X 20(무라벨 생수)</span></span><span class="box__itemcard-price-area"><span class="box__price-seller"><span class="for-a11y">판매가</span><strong class="text__price-seller">3,980</strong><span class="text__unit">원</span></span></span><span class="box__itemcard-info-score"><span class="sprite__smilefresh--before box__score-awards"><span class="for-a11y">평점</span><span class="text text__score">4.8</span><span class="for-a11y">후기</span><span class="text text__num">(3,443)</span><span class="for-a11y">건</span></span><span class="box__score-buycnt"><span class="text text__buy">구매</span><span class="text text__num">11,791</span><span class="for-a11y">건</span></span></span><span class="box__itemcard-benefit-tag"><span class="box__tag box__tag-coupon"><span class="sprite__smilefresh--before box__inner">15% 쿠폰</span></span></span></a><button type="button" class="sprite__smilefresh--after button__favorite-item" aria-describedby="itemCard_title_2518949602" aria-pressed="false" aria-label="관심상품 등록하기"></button></div></div></div></div></li><li class="list-item"><div class="box__itemcard-container"><div class="box__itemcard-body"><div class="box__itemcard-inner"><span class="box__thumbnail__label">10</span><a class="link__itemcard" href="https://item.gmarket.co.kr/Item?goodscode=2537464095" tabindex="-1" aria-hidden="true"><span class="box__itemcard-img"><img class="image__itemcard no-js-400?ver=1725088242" src="data:image/gif;base64,R0lGODlhAQABAIAAAP///wAAACH5BAEAAAAALAAAAAABAAEAAAICRAEAOw==" alt="광동 옥수수 수염차 (1.5L) - 상품 이미지"/><noscript><style>.no-js-400?ver=1725088242 { display: none !important; }</style><img class="image__itemcard" src="https://gdimg.gmarket.co.kr/2537464095/still/400?ver=1725088242" alt="광동 옥수수 수염차 (1.5L) - 상품 이미지"/></noscript></span></a><div class="box__itemcard-info"><div class="box__element-info"><div class="element-info-qty"><button aria-describedby="itemCard_title_2537464095" class="sprite__smilefresh--before element-info-qty-minus" aria-disabled="true"><span class="for-a11y">상품 수 <!-- -->1<!-- --> 감소</span></button><span class="element-info-item-qty" aria-describedby="itemCard_title_2537464095"><span class="for-a11y">선택된 수량</span> <!-- -->1</span><button aria-describedby="itemCard_title_2537464095" class="sprite__smilefresh--before element-info-qty-plus"><span class="for-a11y">상품 수 <!-- -->1<!-- --> 증가</span></button></div><button type="button" class="sprite__smilefresh--before element-info-cart" aria-describedby="itemCard_title_2537464095"><span class="for-a11y">장바구니 담기</span></button></div><a href="https://item.gmarket.co.kr/Item?goodscode=2537464095" class="link__itemcard-info"><span class="box__itemcard-title-area" id="itemCard_title_2537464095"><span class="text__brand"><span class="text">광동</span></span><span class="text__title" id="item_title">광동 옥수수 수염차 (1.5L)</span></span><span class="box__itemcard-price-area"><span class="box__price-seller"><span class="for-a11y">판매가</span><strong class="text__price-seller">2,380</strong><span class="text__unit">원</span></span><span class="box__prime-cost"><span class="for-a11y">원가</span><span class="text__unit-cost">(<!-- -->100mL당 159원<!-- -->)</span></span></span><span class="box__itemcard-info-score"><span class="sprite__smilefresh--before box__score-awards"><span class="for-a11y">평점</span><span class="text text__score">4.8</span><span class="for-a11y">후기</span><span class="text text__num">(1,650)</span><span class="for-a11y">건</span></span><span class="box__score-buycnt"><span class="text text__buy">구매</span><span class="text text__num">16,394</span><span class="for-a11y">건</span></span></span><span class="box__itemcard-benefit-tag"><span class="box__tag box__tag-coupon"><span class="sprite__smilefresh--before box__inner">15% 쿠폰</span></span></span></a><button type="button" class="sprite__smilefresh--after button__favorite-item" aria-describedby="itemCard_title_2537464095" aria-pressed="false" aria-label="관심상품 등록하기"></button></div></div></div></div></li><li class="list-item"><div class="box__itemcard-container"><div class="box__itemcard-body"><div class="box__itemcard-inner"><span class="box__thumbnail__label">11</span><a class="link__itemcard" href="https://item.gmarket.co.kr/Item?goodscode=2518525285" tabindex="-1" aria-hidden="true"><span class="box__itemcard-img"><img class="image__itemcard no-js-400?ver=1725107068" src="data:image/gif;base64,R0lGODlhAQABAIAAAP///wAAACH5BAEAAAAALAAAAAABAAEAAAICRAEAOw==" alt="노브랜드 Fresh제주감귤음료1.5L - 상품 이미지"/><noscript><style>.no-js-400?ver=1725107068 { display: none !important; }</style><img class="image__itemcard" src="https://gdimg.gmarket.co.kr/2518525285/still/400?ver=1725107068" alt="노브랜드 Fresh제주감귤음료1.5L - 상품 이미지"/></noscript></span></a><div class="box__itemcard-info"><div class="box__element-info"><div class="element-info-qty"><button aria-describedby="itemCard_title_2518525285" class="sprite__smilefresh--before element-info-qty-minus" aria-disabled="true"><span class="for-a11y">상품 수 <!-- -->1<!-- --> 감소</span></button><span class="element-info-item-qty" aria-describedby="itemCard_title_2518525285"><span class="for-a11y">선택된 수량</span> <!-- -->1</span><button aria-describedby="itemCard_title_2518525285" class="sprite__smilefresh--before element-info-qty-plus"><span class="for-a11y">상품 수 <!-- -->1<!-- --> 증가</span></button></div><button type="button" class="sprite__smilefresh--before element-info-cart" aria-describedby="itemCard_title_2518525285"><span class="for-a11y">장바구니 담기</span></button></div><a href="https://item.gmarket.co.kr/Item?goodscode=2518525285" class="link__itemcard-info"><span class="box__itemcard-title-area" id="itemCard_title_2518525285"><span class="text__brand"><span class="text">노브랜드</span></span><span class="text__title" id="item_title">노브랜드 Fresh제주감귤음료1.5L</span></span><span class="box__itemcard-price-area"><span class="box__price-seller"><span class="for-a11y">판매가</span><strong class="text__price-seller">1,880</strong><span class="text__unit">원</span></span><span class="box__prime-cost"><span class="for-a11y">원가</span><span class="text__unit-cost">(<!-- -->100mL당 125원<!-- -->)</span></span></span><span class="box__itemcard-info-score"><span class="sprite__smilefresh--before box__score-awards"><span class="for-a11y">평점</span><span class="text text__score">4.8</span><span class="for-a11y">후기</span><span class="text text__num">(3,297)</span><span class="for-a11y">건</span></span><span class="box__score-buycnt"><span class="text text__buy">구매</span><span class="text text__num">15,444</span><span class="for-a11y">건</span></span></span></a><button type="button" class="sprite__smilefresh--after button__favorite-item" aria-describedby="itemCard_title_2518525285" aria-pressed="false" aria-label="관심상품 등록하기"></button></div></div></div></div></li><li class="list-item"><div class="box__itemcard-container"><div class="box__itemcard-body"><div class="box__itemcard-inner"><span class="box__thumbnail__label">12</span><a class="link__itemcard" href="https://item.gmarket.co.kr/Item?goodscode=2558924713" tabindex="-1" aria-hidden="true"><span class="box__itemcard-img"><img class="image__itemcard no-js-400?ver=1725520377" src="data:image/gif;base64,R0lGODlhAQABAIAAAP///wAAACH5BAEAAAAALAAAAAABAAEAAAICRAEAOw==" alt="롯데 잔치집식혜 1.5L 펫 - 상품 이미지"/><noscript><style>.no-js-400?ver=1725520377 { display: none !important; }</style><img class="image__itemcard" src="https://gdimg.gmarket.co.kr/2558924713/still/400?ver=1725520377" alt="롯데 잔치집식혜 1.5L 펫 - 상품 이미지"/></noscript></span></a><div class="box__itemcard-info"><div class="box__element-info"><div class="element-info-qty"><button aria-describedby="itemCard_title_2558924713" class="sprite__smilefresh--before element-info-qty-minus" aria-disabled="true"><span class="for-a11y">상품 수 <!-- -->1<!-- --> 감소</span></button><span class="element-info-item-qty" aria-describedby="itemCard_title_2558924713"><span class="for-a11y">선택된 수량</span> <!-- -->1</span><button aria-describedby="itemCard_title_2558924713" class="sprite__smilefresh--before element-info-qty-plus"><span class="for-a11y">상품 수 <!-- -->1<!-- --> 증가</span></button></div><button type="button" class="sprite__smilefresh--before element-info-cart" aria-describedby="itemCard_title_2558924713"><span class="for-a11y">장바구니 담기</span></button></div><a href="https://item.gmarket.co.kr/Item?goodscode=2558924713" class="link__itemcard-info"><span class="box__itemcard-title-area" id="itemCard_title_2558924713"><span class="text__brand"><span class="text">롯데칠성</span></span><span class="text__title" id="item_title">롯데 잔치집식혜 1.5L 펫</span></span><span class="box__itemcard-price-area"><span class="box__price-seller"><span class="for-a11y">판매가</span><strong class="text__price-seller">3,280</strong><span class="text__unit">원</span></span><span class="box__prime-cost"><span class="for-a11y">원가</span><span class="text__unit-cost">(<!-- -->100mL당 219원<!-- -->)</span></span></span><span class="box__itemcard-info-score"><span class="sprite__smilefresh--before box__score-awards"><span class="for-a11y">평점</span><span class="text text__score">4.8</span><span class="for-a11y">후기</span><span class="text text__num">(181)</span><span class="for-a11y">건</span></span><span class="box__score-buycnt"><span class="text text__buy">구매</span><span class="text text__num">1,319</span><span class="for-a11y">건</span></span></span><span class="box__itemcard-benefit-tag"><span class="box__tag box__tag-coupon"><span class="sprite__smilefresh--before box__inner">15% 쿠폰</span></span></span></a><button type="button" class="sprite__smilefresh--after button__favorite-item" aria-describedby="itemCard_title_2558924713" aria-pressed="false" aria-label="관심상품 등록하기"></button></div></div></div></div></li><li class="list-item"><div class="box__itemcard-container"><div class="box__itemcard-body"><div class="box__itemcard-inner"><span class="box__thumbnail__label">13</span><a class="link__itemcard" href="https://item.gmarket.co.kr/Item?goodscode=2517911574" tabindex="-1" aria-hidden="true"><span class="box__itemcard-img"><img class="image__itemcard no-js-400?ver=1725119199" src="data:image/gif;base64,R0lGODlhAQABAIAAAP///wAAACH5BAEAAAAALAAAAAABAAEAAAICRAEAOw==" alt="펩시 제로슈거 라임향 무라벨 300ml12 - 상품 이미지"/><noscript><style>.no-js-400?ver=1725119199 { display: none !important; }</style><img class="image__itemcard" src="https://gdimg.gmarket.co.kr/2517911574/still/400?ver=1725119199" alt="펩시 제로슈거 라임향 무라벨 300ml12 - 상품 이미지"/></noscript></span></a><div class="box__itemcard-info"><div class="box__element-info"><div class="element-info-qty"><button aria-describedby="itemCard_title_2517911574" class="sprite__smilefresh--before element-info-qty-minus" aria-disabled="true"><span class="for-a11y">상품 수 <!-- -->1<!-- --> 감소</span></button><span class="element-info-item-qty" aria-describedby="itemCard_title_2517911574"><span class="for-a11y">선택된 수량</span> <!-- -->1</span><button aria-describedby="itemCard_title_2517911574" class="sprite__smilefresh--before element-info-qty-plus"><span class="for-a11y">상품 수 <!-- -->1<!-- --> 증가</span></button></div><button type="button" class="sprite__smilefresh--before element-info-cart" aria-describedby="itemCard_title_2517911574"><span class="for-a11y">장바구니 담기</span></button></div><a href="https://item.gmarket.co.kr/Item?goodscode=2517911574" class="link__itemcard-info"><span class="box__itemcard-title-area" id="itemCard_title_2517911574"><span class="text__brand"><span class="text">롯데칠성</span></span><span class="text__title" id="item_title">펩시 제로슈거 라임향 무라벨 300ml12</span></span><span class="box__itemcard-price-area"><span class="box__price-seller"><span class="for-a11y">판매가</span><strong class="text__price-seller">7,970</strong><span class="text__unit">원</span></span><span class="box__prime-cost"><span class="for-a11y">원가</span><strong class="text__dc-rate">29<!-- -->%</strong><span class="text__prime-cost">11,380<span class="text__unit">원</span></span><span class="text__unit-cost">(<!-- -->100mL당 221원<!-- -->)</span></span></span><span class="box__itemcard-info-score"><span class="sprite__smilefresh--before box__score-awards"><span class="for-a11y">평점</span><span class="text text__score">4.8</span><span class="for-a11y">후기</span><span class="text text__num">(473)</span><span class="for-a11y">건</span></span><span class="box__score-buycnt"><span class="text text__buy">구매</span><span class="text text__num">2,501</span><span class="for-a11y">건</span></span></span><span class="box__itemcard-benefit-tag"><span class="box__tag box__tag-coupon"><span class="sprite__smilefresh--before box__inner">15% 쿠폰</span></span></span></a><button type="button" class="sprite__smilefresh--after button__favorite-item" aria-describedby="itemCard_title_2517911574" aria-pressed="false" aria-label="관심상품 등록하기"></button></div></div></div></div></li><li class="list-item"><div class="box__itemcard-container"><div class="box__itemcard-body"><div class="box__itemcard-inner"><span class="box__thumbnail__label">14</span><a class="link__itemcard" href="https://item.gmarket.co.kr/Item?goodscode=2522850025" tabindex="-1" aria-hidden="true"><span class="box__itemcard-img"><img class="image__itemcard no-js-400?ver=1725116391" src="data:image/gif;base64,R0lGODlhAQABAIAAAP///wAAACH5BAEAAAAALAAAAAABAAEAAAICRAEAOw==" alt="오션스프레이 루비레드 자몽주스 1.89L - 상품 이미지"/><noscript><style>.no-js-400?ver=1725116391 { display: none !important; }</style><img class="image__itemcard" src="https://gdimg.gmarket.co.kr/2522850025/still/400?ver=1725116391" alt="오션스프레이 루비레드 자몽주스 1.89L - 상품 이미지"/></noscript></span></a><div class="box__itemcard-info"><div class="box__element-info"><div class="element-info-qty"><button aria-describedby="itemCard_title_2522850025" class="sprite__smilefresh--before element-info-qty-minus" aria-disabled="true"><span class="for-a11y">상품 수 <!-- -->1<!-- --> 감소</span></button><span class="element-info-item-qty" aria-describedby="itemCard_title_2522850025"><span class="for-a11y">선택된 수량</span> <!-- -->1</span><button aria-describedby="itemCard_title_2522850025" class="sprite__smilefresh--before element-info-qty-plus"><span class="for-a11y">상품 수 <!-- -->1<!-- --> 증가</span></button></div><button type="button" class="sprite__smilefresh--before element-info-cart" aria-describedby="itemCard_title_2522850025"><span class="for-a11y">장바구니 담기</span></button></div><a href="https://item.gmarket.co.kr/Item?goodscode=2522850025" class="link__itemcard-info"><span class="box__itemcard-title-area" id="itemCard_title_2522850025"><span class="text__title" id="item_title">오션스프레이 루비레드 자몽주스 1.89L</span></span><span class="box__itemcard-price-area"><span class="box__price-seller"><span class="for-a11y">판매가</span><strong class="text__price-seller">3,880</strong><span class="text__unit">원</span></span><span class="box__prime-cost"><span class="for-a11y">원가</span><strong class="text__dc-rate">43<!-- -->%</strong><span class="text__prime-cost">6,880<span class="text__unit">원</span></span></span></span><span class="box__itemcard-info-score"><span class="sprite__smilefresh--before box__score-awards"><span class="for-a11y">평점</span><span class="text text__score">4.8</span><span class="for-a11y">후기</span><span class="text text__num">(966)</span><span class="for-a11y">건</span></span><span class="box__score-buycnt"><span class="text text__buy">구매</span><span class="text text__num">4,151</span><span class="for-a11y">건</span></span></span><span class="box__itemcard-benefit-tag"><span class="box__tag box__tag-coupon"><span class="sprite__smilefresh--before box__inner">15% 쿠폰</span></span></span></a><button type="button" class="sprite__smilefresh--after button__favorite-item" aria-describedby="itemCard_title_2522850025" aria-pressed="false" aria-label="관심상품 등록하기"></button></div></div></div></div></li><li class="list-item"><div class="box__itemcard-container"><div class="box__itemcard-body"><div class="box__itemcard-inner"><span class="box__thumbnail__label">15</span><a class="link__itemcard" href="https://item.gmarket.co.kr/Item?goodscode=2561846511" tabindex="-1" aria-hidden="true"><span class="box__itemcard-img"><img class="image__itemcard no-js-400?ver=1725090969" src="data:image/gif;base64,R0lGODlhAQABAIAAAP///wAAACH5BAEAAAAALAAAAAABAAEAAAICRAEAOw==" alt="광동 힘찬하루 헛개차 1.5L (1개) - 상품 이미지"/><noscript><style>.no-js-400?ver=1725090969 { display: none !important; }</style><img class="image__itemcard" src="https://gdimg.gmarket.co.kr/2561846511/still/400?ver=1725090969" alt="광동 힘찬하루 헛개차 1.5L (1개) - 상품 이미지"/></noscript></span></a><div class="box__itemcard-info"><div class="box__element-info"><div class="element-info-qty"><button aria-describedby="itemCard_title_2561846511" class="sprite__smilefresh--before element-info-qty-minus" aria-disabled="true"><span class="for-a11y">상품 수 <!-- -->1<!-- --> 감소</span></button><span class="element-info-item-qty" aria-describedby="itemCard_title_2561846511"><span class="for-a11y">선택된 수량</span> <!-- -->1</span><button aria-describedby="itemCard_title_2561846511" class="sprite__smilefresh--before element-info-qty-plus"><span class="for-a11y">상품 수 <!-- -->1<!-- --> 증가</span></button></div><button type="button" class="sprite__smilefresh--before element-info-cart" aria-describedby="itemCard_title_2561846511"><span class="for-a11y">장바구니 담기</span></button></div><a href="https://item.gmarket.co.kr/Item?goodscode=2561846511" class="link__itemcard-info"><span class="box__itemcard-title-area" id="itemCard_title_2561846511"><span class="text__brand"><span class="text">광동</span></span><span class="text__title" id="item_title">광동 힘찬하루 헛개차 1.5L (1개)</span></span><span class="box__itemcard-price-area"><span class="box__price-seller"><span class="for-a11y">판매가</span><strong class="text__price-seller">2,380</strong><span class="text__unit">원</span></span><span class="box__prime-cost"><span class="for-a11y">원가</span><span class="text__unit-cost">(<!-- -->100mL당 159원<!-- -->)</span></span></span><span class="box__itemcard-info-score"><span class="sprite__smilefresh--before box__score-awards"><span class="for-a11y">평점</span><span class="text text__score">4.7</span><span class="for-a11y">후기</span><span class="text text__num">(1,058)</span><span class="for-a11y">건</span></span><span class="box__score-buycnt"><span class="text text__buy">구매</span><span class="text text__num">10,000</span><span class="for-a11y">건</span></span></span><span class="box__itemcard-benefit-tag"><span class="box__tag box__tag-coupon"><span class="sprite__smilefresh--before box__inner">15% 쿠폰</span></span></span></a><button type="button" class="sprite__smilefresh--after button__favorite-item" aria-describedby="itemCard_title_2561846511" aria-pressed="false" aria-label="관심상품 등록하기"></button></div></div></div></div></li><li class="list-item"><div class="box__itemcard-container"><div class="box__itemcard-body"><div class="box__itemcard-inner"><span class="box__thumbnail__label">16</span><a class="link__itemcard" href="https://item.gmarket.co.kr/Item?goodscode=2519039956" tabindex="-1" aria-hidden="true"><span class="box__itemcard-img"><img class="image__itemcard no-js-400?ver=1725099665" src="data:image/gif;base64,R0lGODlhAQABAIAAAP///wAAACH5BAEAAAAALAAAAAABAAEAAAICRAEAOw==" alt="코카콜라 1.8L 2입 기획 - 상품 이미지"/><noscript><style>.no-js-400?ver=1725099665 { display: none !important; }</style><img class="image__itemcard" src="https://gdimg.gmarket.co.kr/2519039956/still/400?ver=1725099665" alt="코카콜라 1.8L 2입 기획 - 상품 이미지"/></noscript></span></a><div class="box__itemcard-info"><div class="box__element-info"><div class="element-info-qty"><button aria-describedby="itemCard_title_2519039956" class="sprite__smilefresh--before element-info-qty-minus" aria-disabled="true"><span class="for-a11y">상품 수 <!-- -->1<!-- --> 감소</span></button><span class="element-info-item-qty" aria-describedby="itemCard_title_2519039956"><span class="for-a11y">선택된 수량</span> <!-- -->1</span><button aria-describedby="itemCard_title_2519039956" class="sprite__smilefresh--before element-info-qty-plus"><span class="for-a11y">상품 수 <!-- -->1<!-- --> 증가</span></button></div><button type="button" class="sprite__smilefresh--before element-info-cart" aria-describedby="itemCard_title_2519039956"><span class="for-a11y">장바구니 담기</span></button></div><a href="https://item.gmarket.co.kr/Item?goodscode=2519039956" class="link__itemcard-info"><span class="box__itemcard-title-area" id="itemCard_title_2519039956"><span class="text__brand"><span class="text">코카콜라</span></span><span class="text__title" id="item_title">코카콜라 1.8L 2입 기획</span></span><span class="box__itemcard-price-area"><span class="box__price-seller"><span class="for-a11y">판매가</span><strong class="text__price-seller">4,760</strong><span class="text__unit">원</span></span><span class="box__prime-cost"><span class="for-a11y">원가</span><span class="text__unit-cost">(<!-- -->100mL당 132원<!-- -->)</span></span></span><span class="box__itemcard-info-score"><span class="sprite__smilefresh--before box__score-awards"><span class="for-a11y">평점</span><span class="text text__score">4.8</span><span class="for-a11y">후기</span><span class="text text__num">(2,736)</span><span class="for-a11y">건</span></span><span class="box__score-buycnt"><span class="text text__buy">구매</span><span class="text text__num">17,110</span><span class="for-a11y">건</span></span></span><span class="box__itemcard-benefit-tag"><span class="box__tag box__tag-coupon"><span class="sprite__smilefresh--before box__inner">15% 쿠폰</span></span></span></a><button type="button" class="sprite__smilefresh--after button__favorite-item" aria-describedby="itemCard_title_2519039956" aria-pressed="false" aria-label="관심상품 등록하기"></button></div></div></div></div></li><li class="list-item"><div class="box__itemcard-container"><div class="box__itemcard-body"><div class="box__itemcard-inner"><span class="box__thumbnail__label">17</span><a class="link__itemcard" href="https://item.gmarket.co.kr/Item?goodscode=2522498818" tabindex="-1" aria-hidden="true"><span class="box__itemcard-img"><img class="image__itemcard no-js-400?ver=1725101786" src="data:image/gif;base64,R0lGODlhAQABAIAAAP///wAAACH5BAEAAAAALAAAAAABAAEAAAICRAEAOw==" alt="코카콜라 215ml 12입 - 상품 이미지"/><noscript><style>.no-js-400?ver=1725101786 { display: none !important; }</style><img class="image__itemcard" src="https://gdimg.gmarket.co.kr/2522498818/still/400?ver=1725101786" alt="코카콜라 215ml 12입 - 상품 이미지"/></noscript></span></a><div class="box__itemcard-info"><div class="box__element-info"><div class="element-info-qty"><button aria-describedby="itemCard_title_2522498818" class="sprite__smilefresh--before element-info-qty-minus" aria-disabled="true"><span class="for-a11y">상품 수 <!-- -->1<!-- --> 감소</span></button><span class="element-info-item-qty" aria-describedby="itemCard_title_2522498818"><span class="for-a11y">선택된 수량</span> <!-- -->1</span><button aria-describedby="itemCard_title_2522498818" class="sprite__smilefresh--before element-info-qty-plus"><span class="for-a11y">상품 수 <!-- -->1<!-- --> 증가</span></button></div><button type="button" class="sprite__smilefresh--before element-info-cart" aria-describedby="itemCard_title_2522498818"><span class="for-a11y">장바구니 담기</span></button></div><a href="https://item.gmarket.co.kr/Item?goodscode=2522498818" class="link__itemcard-info"><span class="box__itemcard-title-area" id="itemCard_title_2522498818"><span class="text__brand"><span class="text">코카콜라</span></span><span class="text__title" id="item_title">코카콜라 215ml 12입</span></span><span class="box__itemcard-price-area"><span class="box__price-seller"><span class="for-a11y">판매가</span><strong class="text__price-seller">8,180</strong><span class="text__unit">원</span></span><span class="box__prime-cost"><span class="for-a11y">원가</span><span class="text__unit-cost">(<!-- -->100mL당 317원<!-- -->)</span></span></span><span class="box__itemcard-info-score"><span class="sprite__smilefresh--before box__score-awards"><span class="for-a11y">평점</span><span class="text text__score">4.8</span><span class="for-a11y">후기</span><span class="text text__num">(1,830)</span><span class="for-a11y">건</span></span><span class="box__score-buycnt"><span class="text text__buy">구매</span><span class="text text__num">7,866</span><span class="for-a11y">건</span></span></span><span class="box__itemcard-benefit-tag"><span class="box__tag box__tag-coupon"><span class="sprite__smilefresh--before box__inner">15% 쿠폰</span></span></span></a><button type="button" class="sprite__smilefresh--after button__favorite-item" aria-describedby="itemCard_title_2522498818" aria-pressed="false" aria-label="관심상품 등록하기"></button></div></div></div></div></li><li class="list-item"><div class="box__itemcard-container"><div class="box__itemcard-body"><div class="box__itemcard-inner"><span class="box__thumbnail__label">18</span><a class="link__itemcard" href="https://item.gmarket.co.kr/Item?goodscode=2523389779" tabindex="-1" aria-hidden="true"><span class="box__itemcard-img"><img class="image__itemcard no-js-400?ver=1725100211" src="data:image/gif;base64,R0lGODlhAQABAIAAAP///wAAACH5BAEAAAAALAAAAAABAAEAAAICRAEAOw==" alt="영진구론산 스파클링 오리지날액 1500ml(150ml10) - 상품 이미지"/><noscript><style>.no-js-400?ver=1725100211 { display: none !important; }</style><img class="image__itemcard" src="https://gdimg.gmarket.co.kr/2523389779/still/400?ver=1725100211" alt="영진구론산 스파클링 오리지날액 1500ml(150ml10) - 상품 이미지"/></noscript></span></a><div class="box__itemcard-info"><div class="box__element-info"><div class="element-info-qty"><button aria-describedby="itemCard_title_2523389779" class="sprite__smilefresh--before element-info-qty-minus" aria-disabled="true"><span class="for-a11y">상품 수 <!-- -->1<!-- --> 감소</span></button><span class="element-info-item-qty" aria-describedby="itemCard_title_2523389779"><span class="for-a11y">선택된 수량</span> <!-- -->1</span><button aria-describedby="itemCard_title_2523389779" class="sprite__smilefresh--before element-info-qty-plus"><span class="for-a11y">상품 수 <!-- -->1<!-- --> 증가</span></button></div><button type="button" class="sprite__smilefresh--before element-info-cart" aria-describedby="itemCard_title_2523389779"><span class="for-a11y">장바구니 담기</span></button></div><a href="https://item.gmarket.co.kr/Item?goodscode=2523389779" class="link__itemcard-info"><span class="box__itemcard-title-area" id="itemCard_title_2523389779"><span class="text__brand"><span class="text">구론산 스파클링</span></span><span class="text__title" id="item_title">영진구론산 스파클링 오리지날액 1500ml(150ml10)</span></span><span class="box__itemcard-price-area"><span class="box__price-seller"><span class="for-a11y">판매가</span><strong class="text__price-seller">12,780</strong><span class="text__unit">원</span></span><span class="box__prime-cost"><span class="for-a11y">원가</span><span class="text__unit-cost">(<!-- -->100mL당 852원<!-- -->)</span></span></span><span class="box__itemcard-info-score"><span class="sprite__smilefresh--before box__score-awards"><span class="for-a11y">평점</span><span class="text text__score">4.8</span><span class="for-a11y">후기</span><span class="text text__num">(338)</span><span class="for-a11y">건</span></span><span class="box__score-buycnt"><span class="text text__buy">구매</span><span class="text text__num">1,361</span><span class="for-a11y">건</span></span></span><span class="box__itemcard-benefit-tag"><span class="box__tag box__tag-coupon"><span class="sprite__smilefresh--before box__inner">15% 쿠폰</span></span></span></a><button type="button" class="sprite__smilefresh--after button__favorite-item" aria-describedby="itemCard_title_2523389779" aria-pressed="false" aria-label="관심상품 등록하기"></button></div></div></div></div></li><li class="list-item"><div class="box__itemcard-container"><div class="box__itemcard-body"><div class="box__itemcard-inner"><span class="box__thumbnail__label">19</span><a class="link__itemcard" href="https://item.gmarket.co.kr/Item?goodscode=2522788168" tabindex="-1" aria-hidden="true"><span class="box__itemcard-img"><img class="image__itemcard no-js-400?ver=1725104742" src="data:image/gif;base64,R0lGODlhAQABAIAAAP///wAAACH5BAEAAAAALAAAAAABAAEAAAICRAEAOw==" alt="코카콜라제로 1.5LX2 - 상품 이미지"/><noscript><style>.no-js-400?ver=1725104742 { display: none !important; }</style><img class="image__itemcard" src="https://gdimg.gmarket.co.kr/2522788168/still/400?ver=1725104742" alt="코카콜라제로 1.5LX2 - 상품 이미지"/></noscript></span></a><div class="box__itemcard-info"><div class="box__element-info"><div class="element-info-qty"><button aria-describedby="itemCard_title_2522788168" class="sprite__smilefresh--before element-info-qty-minus" aria-disabled="true"><span class="for-a11y">상품 수 <!-- -->1<!-- --> 감소</span></button><span class="element-info-item-qty" aria-describedby="itemCard_title_2522788168"><span class="for-a11y">선택된 수량</span> <!-- -->1</span><button aria-describedby="itemCard_title_2522788168" class="sprite__smilefresh--before element-info-qty-plus"><span class="for-a11y">상품 수 <!-- -->1<!-- --> 증가</span></button></div><button type="button" class="sprite__smilefresh--before element-info-cart" aria-describedby="itemCard_title_2522788168"><span class="for-a11y">장바구니 담기</span></button></div><a href="https://item.gmarket.co.kr/Item?goodscode=2522788168" class="link__itemcard-info"><span class="box__itemcard-title-area" id="itemCard_title_2522788168"><span class="text__brand"><span class="text">코카콜라 제로</span></span><span class="text__title" id="item_title">코카콜라제로 1.5LX2</span></span><span class="box__itemcard-price-area"><span class="box__price-seller"><span class="for-a11y">판매가</span><strong class="text__price-seller">4,280</strong><span class="text__unit">원</span></span><span class="box__prime-cost"><span class="for-a11y">원가</span><span class="text__unit-cost">(<!-- -->100mL당 143원<!-- -->)</span></span></span><span class="box__itemcard-info-score"><span class="sprite__smilefresh--before box__score-awards"><span class="for-a11y">평점</span><span class="text text__score">4.8</span><span class="for-a11y">후기</span><span class="text text__num">(3,368)</span><span class="for-a11y">건</span></span><span class="box__score-buycnt"><span class="text text__buy">구매</span><span class="text text__num">30,770</span><span class="for-a11y">건</span></span></span><span class="box__itemcard-benefit-tag"><span class="box__tag box__tag-coupon"><span class="sprite__smilefresh--before box__inner">15% 쿠폰</span></span></span></a><button type="button" class="sprite__smilefresh--after button__favorite-item" aria-describedby="itemCard_title_2522788168" aria-pressed="false" aria-label="관심상품 등록하기"></button></div></div></div></div></li><li class="list-item"><div class="box__itemcard-container"><div class="box__itemcard-body"><div class="box__itemcard-inner"><span class="box__thumbnail__label">20</span><a class="link__itemcard" href="https://item.gmarket.co.kr/Item?goodscode=3052881967" tabindex="-1" aria-hidden="true"><span class="box__itemcard-img"><img class="image__itemcard no-js-400?ver=1725132801" src="data:image/gif;base64,R0lGODlhAQABAIAAAP///wAAACH5BAEAAAAALAAAAAABAAEAAAICRAEAOw==" alt="셀렉스프로틴 음료 로우슈거 125ml  12입 - 상품 이미지"/><noscript><style>.no-js-400?ver=1725132801 { display: none !important; }</style><img class="image__itemcard" src="https://gdimg.gmarket.co.kr/3052881967/still/400?ver=1725132801" alt="셀렉스프로틴 음료 로우슈거 125ml  12입 - 상품 이미지"/></noscript></span></a><div class="box__itemcard-info"><div class="box__element-info"><div class="element-info-qty"><button aria-describedby="itemCard_title_3052881967" class="sprite__smilefresh--before element-info-qty-minus" aria-disabled="true"><span class="for-a11y">상품 수 <!-- -->1<!-- --> 감소</span></button><span class="element-info-item-qty" aria-describedby="itemCard_title_3052881967"><span class="for-a11y">선택된 수량</span> <!-- -->1</span><button aria-describedby="itemCard_title_3052881967" class="sprite__smilefresh--before element-info-qty-plus"><span class="for-a11y">상품 수 <!-- -->1<!-- --> 증가</span></button></div><button type="button" class="sprite__smilefresh--before element-info-cart" aria-describedby="itemCard_title_3052881967"><span class="for-a11y">장바구니 담기</span></button></div><a href="https://item.gmarket.co.kr/Item?goodscode=3052881967" class="link__itemcard-info"><span class="box__itemcard-title-area" id="itemCard_title_3052881967"><span class="text__brand"><span class="text">셀렉스</span></span><span class="text__title" id="item_title">셀렉스프로틴 음료 로우슈거 125ml  12입</span></span><span class="box__itemcard-price-area"><span class="box__price-seller"><span class="for-a11y">판매가</span><strong class="text__price-seller">19,800</strong><span class="text__unit">원</span></span></span><span class="box__itemcard-info-score"><span class="sprite__smilefresh--before box__score-awards"><span class="for-a11y">평점</span><span class="text text__score">4.7</span><span class="for-a11y">후기</span><span class="text text__num">(87)</span><span class="for-a11y">건</span></span><span class="box__score-buycnt"><span class="text text__buy">구매</span><span class="text text__num">416</span><span class="for-a11y">건</span></span></span><span class="box__itemcard-benefit-tag"><span class="box__tag box__tag-coupon"><span class="sprite__smilefresh--before box__inner">15% 쿠폰</span></span></span></a><button type="button" class="sprite__smilefresh--after button__favorite-item" aria-describedby="itemCard_title_3052881967" aria-pressed="false" aria-label="관심상품 등록하기"></button></div></div></div></div></li><li class="list-item"><div class="box__itemcard-container"><div class="box__itemcard-body"><div class="box__itemcard-inner"><span class="box__thumbnail__label">21</span><a class="link__itemcard" href="https://item.gmarket.co.kr/Item?goodscode=2522811514" tabindex="-1" aria-hidden="true"><span class="box__itemcard-img"><img class="image__itemcard no-js-400?ver=1725105266" src="data:image/gif;base64,R0lGODlhAQABAIAAAP///wAAACH5BAEAAAAALAAAAAABAAEAAAICRAEAOw==" alt="스프라이트 1L - 상품 이미지"/><noscript><style>.no-js-400?ver=1725105266 { display: none !important; }</style><img class="image__itemcard" src="https://gdimg.gmarket.co.kr/2522811514/still/400?ver=1725105266" alt="스프라이트 1L - 상품 이미지"/></noscript></span></a><div class="box__itemcard-info"><div class="box__element-info"><div class="element-info-qty"><button aria-describedby="itemCard_title_2522811514" class="sprite__smilefresh--before element-info-qty-minus" aria-disabled="true"><span class="for-a11y">상품 수 <!-- -->1<!-- --> 감소</span></button><span class="element-info-item-qty" aria-describedby="itemCard_title_2522811514"><span class="for-a11y">선택된 수량</span> <!-- -->1</span><button aria-describedby="itemCard_title_2522811514" class="sprite__smilefresh--before element-info-qty-plus"><span class="for-a11y">상품 수 <!-- -->1<!-- --> 증가</span></button></div><button type="button" class="sprite__smilefresh--before element-info-cart" aria-describedby="itemCard_title_2522811514"><span class="for-a11y">장바구니 담기</span></button></div><a href="https://item.gmarket.co.kr/Item?goodscode=2522811514" class="link__itemcard-info"><span class="box__itemcard-title-area" id="itemCard_title_2522811514"><span class="text__brand"><span class="text">스프라이트</span></span><span class="text__title" id="item_title">스프라이트 1L</span></span><span class="box__itemcard-price-area"><span class="box__price-seller"><span class="for-a11y">판매가</span><strong class="text__price-seller">2,380</strong><span class="text__unit">원</span></span><span class="box__prime-cost"><span class="for-a11y">원가</span><span class="text__unit-cost">(<!-- -->100mL당 238원<!-- -->)</span></span></span><span class="box__itemcard-info-score"><span class="sprite__smilefresh--before box__score-awards"><span class="for-a11y">평점</span><span class="text text__score">4.8</span><span class="for-a11y">후기</span><span class="text text__num">(2,707)</span><span class="for-a11y">건</span></span><span class="box__score-buycnt"><span class="text text__buy">구매</span><span class="text text__num">17,889</span><span class="for-a11y">건</span></span></span><span class="box__itemcard-benefit-tag"><span class="box__tag box__tag-coupon"><span class="sprite__smilefresh--before box__inner">15% 쿠폰</span></span></span></a><button type="button" class="sprite__smilefresh--after button__favorite-item" aria-describedby="itemCard_title_2522811514" aria-pressed="false" aria-label="관심상품 등록하기"></button></div></div></div></div></li><li class="list-item"><div class="box__itemcard-container"><div class="box__itemcard-body"><div class="box__itemcard-inner"><span class="box__thumbnail__label">22</span><a class="link__itemcard" href="https://item.gmarket.co.kr/Item?goodscode=3767806040" tabindex="-1" aria-hidden="true"><span class="box__itemcard-img"><img class="image__itemcard no-js-400?ver=1725142351" src="data:image/gif;base64,R0lGODlhAQABAIAAAP///wAAACH5BAEAAAAALAAAAAABAAEAAAICRAEAOw==" alt="델몬트 마음담은 행복드림 180ml12병 - 상품 이미지"/><noscript><style>.no-js-400?ver=1725142351 { display: none !important; }</style><img class="image__itemcard" src="https://gdimg.gmarket.co.kr/3767806040/still/400?ver=1725142351" alt="델몬트 마음담은 행복드림 180ml12병 - 상품 이미지"/></noscript></span></a><div class="box__itemcard-info"><div class="box__element-info"><div class="element-info-qty"><button aria-describedby="itemCard_title_3767806040" class="sprite__smilefresh--before element-info-qty-minus" aria-disabled="true"><span class="for-a11y">상품 수 <!-- -->1<!-- --> 감소</span></button><span class="element-info-item-qty" aria-describedby="itemCard_title_3767806040"><span class="for-a11y">선택된 수량</span> <!-- -->1</span><button aria-describedby="itemCard_title_3767806040" class="sprite__smilefresh--before element-info-qty-plus"><span class="for-a11y">상품 수 <!-- -->1<!-- --> 증가</span></button></div><button type="button" class="sprite__smilefresh--before element-info-cart" aria-describedby="itemCard_title_3767806040"><span class="for-a11y">장바구니 담기</span></button></div><a href="https://item.gmarket.co.kr/Item?goodscode=3767806040" class="link__itemcard-info"><span class="box__itemcard-title-area" id="itemCard_title_3767806040"><span class="text__title" id="item_title">델몬트 마음담은 행복드림 180ml12병</span></span><span class="box__itemcard-price-area"><span class="box__price-seller"><span class="for-a11y">판매가</span><strong class="text__price-seller">13,880</strong><span class="text__unit">원</span></span></span><span class="box__itemcard-info-score"><span class="sprite__smilefresh--before box__score-awards"><span class="for-a11y">평점</span><span class="text text__score">4.7</span><span class="for-a11y">후기</span><span class="text text__num">(26)</span><span class="for-a11y">건</span></span><span class="box__score-buycnt"><span class="text text__buy">구매</span><span class="text text__num">204</span><span class="for-a11y">건</span></span></span><span class="box__itemcard-benefit-tag"><span class="box__tag box__tag-coupon"><span class="sprite__smilefresh--before box__inner">15% 쿠폰</span></span></span></a><button type="button" class="sprite__smilefresh--after button__favorite-item" aria-describedby="itemCard_title_3767806040" aria-pressed="false" aria-label="관심상품 등록하기"></button></div></div></div></div></li><li class="list-item"><div class="box__itemcard-container"><div class="box__itemcard-body"><div class="box__itemcard-inner"><span class="box__thumbnail__label">23</span><a class="link__itemcard" href="https://item.gmarket.co.kr/Item?goodscode=2518062808" tabindex="-1" aria-hidden="true"><span class="box__itemcard-img"><img class="image__itemcard no-js-400?ver=1725114092" src="data:image/gif;base64,R0lGODlhAQABAIAAAP///wAAACH5BAEAAAAALAAAAAABAAEAAAICRAEAOw==" alt="펩시 제로슈거 라임향 210ml10 - 상품 이미지"/><noscript><style>.no-js-400?ver=1725114092 { display: none !important; }</style><img class="image__itemcard" src="https://gdimg.gmarket.co.kr/2518062808/still/400?ver=1725114092" alt="펩시 제로슈거 라임향 210ml10 - 상품 이미지"/></noscript></span></a><div class="box__itemcard-info"><div class="box__element-info"><div class="element-info-qty"><button aria-describedby="itemCard_title_2518062808" class="sprite__smilefresh--before element-info-qty-minus" aria-disabled="true"><span class="for-a11y">상품 수 <!-- -->1<!-- --> 감소</span></button><span class="element-info-item-qty" aria-describedby="itemCard_title_2518062808"><span class="for-a11y">선택된 수량</span> <!-- -->1</span><button aria-describedby="itemCard_title_2518062808" class="sprite__smilefresh--before element-info-qty-plus"><span class="for-a11y">상품 수 <!-- -->1<!-- --> 증가</span></button></div><button type="button" class="sprite__smilefresh--before element-info-cart" aria-describedby="itemCard_title_2518062808"><span class="for-a11y">장바구니 담기</span></button></div><a href="https://item.gmarket.co.kr/Item?goodscode=2518062808" class="link__itemcard-info"><span class="box__itemcard-title-area" id="itemCard_title_2518062808"><span class="text__brand"><span class="text">롯데칠성</span></span><span class="text__title" id="item_title">펩시 제로슈거 라임향 210ml10</span></span><span class="box__itemcard-price-area"><span class="box__price-seller"><span class="for-a11y">판매가</span><strong class="text__price-seller">5,480</strong><span class="text__unit">원</span></span><span class="box__prime-cost"><span class="for-a11y">원가</span><span class="text__unit-cost">(<!-- -->100mL당 261원<!-- -->)</span></span></span><span class="box__itemcard-info-score"><span class="sprite__smilefresh--before box__score-awards"><span class="for-a11y">평점</span><span class="text text__score">4.9</span><span class="for-a11y">후기</span><span class="text text__num">(2,240)</span><span class="for-a11y">건</span></span><span class="box__score-buycnt"><span class="text text__buy">구매</span><span class="text text__num">31,530</span><span class="for-a11y">건</span></span></span><span class="box__itemcard-benefit-tag"><span class="box__tag box__tag-coupon"><span class="sprite__smilefresh--before box__inner">15% 쿠폰</span></span></span></a><button type="button" class="sprite__smilefresh--after button__favorite-item" aria-describedby="itemCard_title_2518062808" aria-pressed="false" aria-label="관심상품 등록하기"></button></div></div></div></div></li><li class="list-item"><div class="box__itemcard-container"><div class="box__itemcard-body"><div class="box__itemcard-inner"><span class="box__thumbnail__label">24</span><a class="link__itemcard" href="https://item.gmarket.co.kr/Item?goodscode=2519505184" tabindex="-1" aria-hidden="true"><span class="box__itemcard-img"><img class="image__itemcard no-js-400?ver=1725100403" src="data:image/gif;base64,R0lGODlhAQABAIAAAP///wAAACH5BAEAAAAALAAAAAABAAEAAAICRAEAOw==" alt="코코팜 피치핑크 복숭아 1L - 상품 이미지"/><noscript><style>.no-js-400?ver=1725100403 { display: none !important; }</style><img class="image__itemcard" src="https://gdimg.gmarket.co.kr/2519505184/still/400?ver=1725100403" alt="코코팜 피치핑크 복숭아 1L - 상품 이미지"/></noscript></span></a><div class="box__itemcard-info"><div class="box__element-info"><div class="element-info-qty"><button aria-describedby="itemCard_title_2519505184" class="sprite__smilefresh--before element-info-qty-minus" aria-disabled="true"><span class="for-a11y">상품 수 <!-- -->1<!-- --> 감소</span></button><span class="element-info-item-qty" aria-describedby="itemCard_title_2519505184"><span class="for-a11y">선택된 수량</span> <!-- -->1</span><button aria-describedby="itemCard_title_2519505184" class="sprite__smilefresh--before element-info-qty-plus"><span class="for-a11y">상품 수 <!-- -->1<!-- --> 증가</span></button></div><button type="button" class="sprite__smilefresh--before element-info-cart" aria-describedby="itemCard_title_2519505184"><span class="for-a11y">장바구니 담기</span></button></div><a href="https://item.gmarket.co.kr/Item?goodscode=2519505184" class="link__itemcard-info"><span class="box__itemcard-title-area" id="itemCard_title_2519505184"><span class="text__title" id="item_title">코코팜 피치핑크 복숭아 1L</span></span><span class="box__itemcard-price-area"><span class="box__price-seller"><span class="for-a11y">판매가</span><strong class="text__price-seller">980</strong><span class="text__unit">원</span></span><span class="box__prime-cost"><span class="for-a11y">원가</span><strong class="text__dc-rate">55<!-- -->%</strong><span class="text__prime-cost">2,180<span class="text__unit">원</span></span></span></span><span class="box__itemcard-info-score"><span class="sprite__smilefresh--before box__score-awards"><span class="for-a11y">평점</span><span class="text text__score">4.8</span><span class="for-a11y">후기</span><span class="text text__num">(1,898)</span><span class="for-a11y">건</span></span><span class="box__score-buycnt"><span class="text text__buy">구매</span><span class="text text__num">10,796</span><span class="for-a11y">건</span></span></span><span class="box__itemcard-benefit-tag"><span class="box__tag box__tag-coupon"><span class="sprite__smilefresh--before box__inner">15% 쿠폰</span></span></span></a><button type="button" class="sprite__smilefresh--after button__favorite-item" aria-describedby="itemCard_title_2519505184" aria-pressed="false" aria-label="관심상품 등록하기"></button></div></div></div></div></li><li class="list-item"><div class="box__itemcard-container"><div class="box__itemcard-body"><div class="box__itemcard-inner"><span class="box__thumbnail__label">25</span><a class="link__itemcard" href="https://item.gmarket.co.kr/Item?goodscode=3944183837" tabindex="-1" aria-hidden="true"><span class="box__itemcard-img"><img class="image__itemcard no-js-400?ver=1725143791" src="data:image/gif;base64,R0lGODlhAQABAIAAAP///wAAACH5BAEAAAAALAAAAAABAAEAAAICRAEAOw==" alt="초록매실 제로 1.35L - 상품 이미지"/><noscript><style>.no-js-400?ver=1725143791 { display: none !important; }</style><img class="image__itemcard" src="https://gdimg.gmarket.co.kr/3944183837/still/400?ver=1725143791" alt="초록매실 제로 1.35L - 상품 이미지"/></noscript></span></a><div class="box__itemcard-info"><div class="box__element-info"><div class="element-info-qty"><button aria-describedby="itemCard_title_3944183837" class="sprite__smilefresh--before element-info-qty-minus" aria-disabled="true"><span class="for-a11y">상품 수 <!-- -->1<!-- --> 감소</span></button><span class="element-info-item-qty" aria-describedby="itemCard_title_3944183837"><span class="for-a11y">선택된 수량</span> <!-- -->1</span><button aria-describedby="itemCard_title_3944183837" class="sprite__smilefresh--before element-info-qty-plus"><span class="for-a11y">상품 수 <!-- -->1<!-- --> 증가</span></button></div><button type="button" class="sprite__smilefresh--before element-info-cart" aria-describedby="itemCard_title_3944183837"><span class="for-a11y">장바구니 담기</span></button></div><a href="https://item.gmarket.co.kr/Item?goodscode=3944183837" class="link__itemcard-info"><span class="box__itemcard-title-area" id="itemCard_title_3944183837"><span class="text__title" id="item_title">초록매실 제로 1.35L</span></span><span class="box__itemcard-price-area"><span class="box__price-seller"><span class="for-a11y">판매가</span><strong class="text__price-seller">1,780</strong><span class="text__unit">원</span></span></span><span class="box__itemcard-info-score"><span class="sprite__smilefresh--before box__score-awards"><span class="for-a11y">평점</span><span class="text text__score">4.7</span><span class="for-a11y">후기</span><span class="text text__num">(161)</span><span class="for-a11y">건</span></span><span class="box__score-buycnt"><span class="text text__buy">구매</span><span class="text text__num">1,364</span><span class="for-a11y">건</span></span></span><span class="box__itemcard-benefit-tag"><span class="box__tag box__tag-coupon"><span class="sprite__smilefresh--before box__inner">15% 쿠폰</span></span></span></a><button type="button" class="sprite__smilefresh--after button__favorite-item" aria-describedby="itemCard_title_3944183837" aria-pressed="false" aria-label="관심상품 등록하기"></button></div></div></div></div></li><li class="list-item"><div class="box__itemcard-container"><div class="box__itemcard-body"><div class="box__itemcard-inner"><span class="box__thumbnail__label">26</span><a class="link__itemcard" href="https://item.gmarket.co.kr/Item?goodscode=2519126283" tabindex="-1" aria-hidden="true"><span class="box__itemcard-img"><img class="image__itemcard no-js-400?ver=1725119202" src="data:image/gif;base64,R0lGODlhAQABAIAAAP///wAAACH5BAEAAAAALAAAAAABAAEAAAICRAEAOw==" alt="펩시 제로슈거 라임향 1.5L - 상품 이미지"/><noscript><style>.no-js-400?ver=1725119202 { display: none !important; }</style><img class="image__itemcard" src="https://gdimg.gmarket.co.kr/2519126283/still/400?ver=1725119202" alt="펩시 제로슈거 라임향 1.5L - 상품 이미지"/></noscript></span></a><div class="box__itemcard-info"><div class="box__element-info"><div class="element-info-qty"><button aria-describedby="itemCard_title_2519126283" class="sprite__smilefresh--before element-info-qty-minus" aria-disabled="true"><span class="for-a11y">상품 수 <!-- -->1<!-- --> 감소</span></button><span class="element-info-item-qty" aria-describedby="itemCard_title_2519126283"><span class="for-a11y">선택된 수량</span> <!-- -->1</span><button aria-describedby="itemCard_title_2519126283" class="sprite__smilefresh--before element-info-qty-plus"><span class="for-a11y">상품 수 <!-- -->1<!-- --> 증가</span></button></div><button type="button" class="sprite__smilefresh--before element-info-cart" aria-describedby="itemCard_title_2519126283"><span class="for-a11y">장바구니 담기</span></button></div><a href="https://item.gmarket.co.kr/Item?goodscode=2519126283" class="link__itemcard-info"><span class="box__itemcard-title-area" id="itemCard_title_2519126283"><span class="text__brand"><span class="text">롯데칠성</span></span><span class="text__title" id="item_title">펩시 제로슈거 라임향 1.5L</span></span><span class="box__itemcard-price-area"><span class="box__price-seller"><span class="for-a11y">판매가</span><strong class="text__price-seller">1,670</strong><span class="text__unit">원</span></span><span class="box__prime-cost"><span class="for-a11y">원가</span><strong class="text__dc-rate">39<!-- -->%</strong><span class="text__prime-cost">2,780<span class="text__unit">원</span></span><span class="text__unit-cost">(<!-- -->100mL당 111원<!-- -->)</span></span></span><span class="box__itemcard-info-score"><span class="sprite__smilefresh--before box__score-awards"><span class="for-a11y">평점</span><span class="text text__score">4.8</span><span class="for-a11y">후기</span><span class="text text__num">(584)</span><span class="for-a11y">건</span></span><span class="box__score-buycnt"><span class="text text__buy">구매</span><span class="text text__num">5,897</span><span class="for-a11y">건</span></span></span><span class="box__itemcard-benefit-tag"><span class="box__tag box__tag-coupon"><span class="sprite__smilefresh--before box__inner">15% 쿠폰</span></span></span></a><button type="button" class="sprite__smilefresh--after button__favorite-item" aria-describedby="itemCard_title_2519126283" aria-pressed="false" aria-label="관심상품 등록하기"></button></div></div></div></div></li><li class="list-item"><div class="box__itemcard-container"><div class="box__itemcard-body"><div class="box__itemcard-inner"><span class="box__thumbnail__label">27</span><a class="link__itemcard" href="https://item.gmarket.co.kr/Item?goodscode=2522411453" tabindex="-1" aria-hidden="true"><span class="box__itemcard-img"><img class="image__itemcard no-js-400?ver=1725101581" src="data:image/gif;base64,R0lGODlhAQABAIAAAP///wAAACH5BAEAAAAALAAAAAABAAEAAAICRAEAOw==" alt="갈배사이다 1.5L - 상품 이미지"/><noscript><style>.no-js-400?ver=1725101581 { display: none !important; }</style><img class="image__itemcard" src="https://gdimg.gmarket.co.kr/2522411453/still/400?ver=1725101581" alt="갈배사이다 1.5L - 상품 이미지"/></noscript></span></a><div class="box__itemcard-info"><div class="box__element-info"><div class="element-info-qty"><button aria-describedby="itemCard_title_2522411453" class="sprite__smilefresh--before element-info-qty-minus" aria-disabled="true"><span class="for-a11y">상품 수 <!-- -->1<!-- --> 감소</span></button><span class="element-info-item-qty" aria-describedby="itemCard_title_2522411453"><span class="for-a11y">선택된 수량</span> <!-- -->1</span><button aria-describedby="itemCard_title_2522411453" class="sprite__smilefresh--before element-info-qty-plus"><span class="for-a11y">상품 수 <!-- -->1<!-- --> 증가</span></button></div><button type="button" class="sprite__smilefresh--before element-info-cart" aria-describedby="itemCard_title_2522411453"><span class="for-a11y">장바구니 담기</span></button></div><a href="https://item.gmarket.co.kr/Item?goodscode=2522411453" class="link__itemcard-info"><span class="box__itemcard-title-area" id="itemCard_title_2522411453"><span class="text__brand"><span class="text">갈배사이다</span></span><span class="text__title" id="item_title">갈배사이다 1.5L</span></span><span class="box__itemcard-price-area"><span class="box__price-seller"><span class="for-a11y">판매가</span><strong class="text__price-seller">3,280</strong><span class="text__unit">원</span></span><span class="box__prime-cost"><span class="for-a11y">원가</span><span class="text__unit-cost">(<!-- -->100mL당 219원<!-- -->)</span></span></span><span class="box__itemcard-info-score"><span class="sprite__smilefresh--before box__score-awards"><span class="for-a11y">평점</span><span class="text text__score">4.8</span><span class="for-a11y">후기</span><span class="text text__num">(1,477)</span><span class="for-a11y">건</span></span><span class="box__score-buycnt"><span class="text text__buy">구매</span><span class="text text__num">7,480</span><span class="for-a11y">건</span></span></span><span class="box__itemcard-benefit-tag"><span class="box__tag box__tag-coupon"><span class="sprite__smilefresh--before box__inner">15% 쿠폰</span></span></span></a><button type="button" class="sprite__smilefresh--after button__favorite-item" aria-describedby="itemCard_title_2522411453" aria-pressed="false" aria-label="관심상품 등록하기"></button></div></div></div></div></li><li class="list-item"><div class="box__itemcard-container"><div class="box__itemcard-body"><div class="box__itemcard-inner"><span class="box__thumbnail__label">28</span><a class="link__itemcard" href="https://item.gmarket.co.kr/Item?goodscode=2518941477" tabindex="-1" aria-hidden="true"><span class="box__itemcard-img"><img class="image__itemcard no-js-400?ver=1723178358" src="data:image/gif;base64,R0lGODlhAQABAIAAAP///wAAACH5BAEAAAAALAAAAAABAAEAAAICRAEAOw==" alt="농심 백산수 2L 6입(무라벨) - 상품 이미지"/><noscript><style>.no-js-400?ver=1723178358 { display: none !important; }</style><img class="image__itemcard" src="https://gdimg.gmarket.co.kr/2518941477/still/400?ver=1723178358" alt="농심 백산수 2L 6입(무라벨) - 상품 이미지"/></noscript></span></a><div class="box__itemcard-info"><div class="box__element-info"><div class="element-info-qty"><button aria-describedby="itemCard_title_2518941477" class="sprite__smilefresh--before element-info-qty-minus" aria-disabled="true"><span class="for-a11y">상품 수 <!-- -->1<!-- --> 감소</span></button><span class="element-info-item-qty" aria-describedby="itemCard_title_2518941477"><span class="for-a11y">선택된 수량</span> <!-- -->1</span><button aria-describedby="itemCard_title_2518941477" class="sprite__smilefresh--before element-info-qty-plus"><span class="for-a11y">상품 수 <!-- -->1<!-- --> 증가</span></button></div><button type="button" class="sprite__smilefresh--before element-info-cart" aria-describedby="itemCard_title_2518941477"><span class="for-a11y">장바구니 담기</span></button></div><a href="https://item.gmarket.co.kr/Item?goodscode=2518941477" class="link__itemcard-info"><span class="box__itemcard-title-area" id="itemCard_title_2518941477"><span class="text__brand"><span class="text">농심</span></span><span class="text__title" id="item_title">농심 백산수 2L 6입(무라벨)</span></span><span class="box__itemcard-price-area"><span class="box__price-seller"><span class="for-a11y">판매가</span><strong class="text__price-seller">5,880</strong><span class="text__unit">원</span></span></span><span class="box__itemcard-info-score"><span class="sprite__smilefresh--before box__score-awards"><span class="for-a11y">평점</span><span class="text text__score">4.7</span><span class="for-a11y">후기</span><span class="text text__num">(2,276)</span><span class="for-a11y">건</span></span><span class="box__score-buycnt"><span class="text text__buy">구매</span><span class="text text__num">9,644</span><span class="for-a11y">건</span></span></span><span class="box__itemcard-benefit-tag"><span class="box__tag box__tag-coupon"><span class="sprite__smilefresh--before box__inner">15% 쿠폰</span></span></span></a><button type="button" class="sprite__smilefresh--after button__favorite-item" aria-describedby="itemCard_title_2518941477" aria-pressed="false" aria-label="관심상품 등록하기"></button></div></div></div></div></li><li class="list-item"><div class="box__itemcard-container"><div class="box__itemcard-body"><div class="box__itemcard-inner"><span class="box__thumbnail__label">29</span><a class="link__itemcard" href="https://item.gmarket.co.kr/Item?goodscode=2522742757" tabindex="-1" aria-hidden="true"><span class="box__itemcard-img"><img class="image__itemcard no-js-400?ver=1725107424" src="data:image/gif;base64,R0lGODlhAQABAIAAAP///wAAACH5BAEAAAAALAAAAAABAAEAAAICRAEAOw==" alt="웅진_티즐 제로유자그린티500mL - 상품 이미지"/><noscript><style>.no-js-400?ver=1725107424 { display: none !important; }</style><img class="image__itemcard" src="https://gdimg.gmarket.co.kr/2522742757/still/400?ver=1725107424" alt="웅진_티즐 제로유자그린티500mL - 상품 이미지"/></noscript></span></a><div class="box__itemcard-info"><div class="box__element-info"><div class="element-info-qty"><button aria-describedby="itemCard_title_2522742757" class="sprite__smilefresh--before element-info-qty-minus" aria-disabled="true"><span class="for-a11y">상품 수 <!-- -->1<!-- --> 감소</span></button><span class="element-info-item-qty" aria-describedby="itemCard_title_2522742757"><span class="for-a11y">선택된 수량</span> <!-- -->1</span><button aria-describedby="itemCard_title_2522742757" class="sprite__smilefresh--before element-info-qty-plus"><span class="for-a11y">상품 수 <!-- -->1<!-- --> 증가</span></button></div><button type="button" class="sprite__smilefresh--before element-info-cart" aria-describedby="itemCard_title_2522742757"><span class="for-a11y">장바구니 담기</span></button></div><a href="https://item.gmarket.co.kr/Item?goodscode=2522742757" class="link__itemcard-info"><span class="box__itemcard-title-area" id="itemCard_title_2522742757"><span class="text__brand"><span class="text">웅진</span></span><span class="text__title" id="item_title">웅진_티즐 제로유자그린티500mL</span></span><span class="box__itemcard-price-area"><span class="box__price-seller"><span class="for-a11y">판매가</span><strong class="text__price-seller">1,600</strong><span class="text__unit">원</span></span><span class="box__prime-cost"><span class="for-a11y">원가</span><span class="text__unit-cost">(<!-- -->100mL당 320원<!-- -->)</span></span></span><span class="box__itemcard-info-score"><span class="sprite__smilefresh--before box__score-awards"><span class="for-a11y">평점</span><span class="text text__score">4.8</span><span class="for-a11y">후기</span><span class="text text__num">(835)</span><span class="for-a11y">건</span></span><span class="box__score-buycnt"><span class="text text__buy">구매</span><span class="text text__num">6,189</span><span class="for-a11y">건</span></span></span><span class="box__itemcard-benefit-tag"><span class="box__tag box__tag-coupon"><span class="sprite__smilefresh--before box__inner">15% 쿠폰</span></span></span></a><button type="button" class="sprite__smilefresh--after button__favorite-item" aria-describedby="itemCard_title_2522742757" aria-pressed="false" aria-label="관심상품 등록하기"></button></div></div></div></div></li><li class="list-item"><div class="box__itemcard-container"><div class="box__itemcard-body"><div class="box__itemcard-inner"><span class="box__thumbnail__label">30</span><a class="link__itemcard" href="https://item.gmarket.co.kr/Item?goodscode=2523388072" tabindex="-1" aria-hidden="true"><span class="box__itemcard-img"><img class="image__itemcard no-js-400?ver=1725100022" src="data:image/gif;base64,R0lGODlhAQABAIAAAP///wAAACH5BAEAAAAALAAAAAABAAEAAAICRAEAOw==" alt="서울우유 아침에주스 오렌지 1.8L - 상품 이미지"/><noscript><style>.no-js-400?ver=1725100022 { display: none !important; }</style><img class="image__itemcard" src="https://gdimg.gmarket.co.kr/2523388072/still/400?ver=1725100022" alt="서울우유 아침에주스 오렌지 1.8L - 상품 이미지"/></noscript></span></a><div class="box__itemcard-info"><div class="box__element-info"><div class="element-info-qty"><button aria-describedby="itemCard_title_2523388072" class="sprite__smilefresh--before element-info-qty-minus" aria-disabled="true"><span class="for-a11y">상품 수 <!-- -->1<!-- --> 감소</span></button><span class="element-info-item-qty" aria-describedby="itemCard_title_2523388072"><span class="for-a11y">선택된 수량</span> <!-- -->1</span><button aria-describedby="itemCard_title_2523388072" class="sprite__smilefresh--before element-info-qty-plus"><span class="for-a11y">상품 수 <!-- -->1<!-- --> 증가</span></button></div><button type="button" class="sprite__smilefresh--before element-info-cart" aria-describedby="itemCard_title_2523388072"><span class="for-a11y">장바구니 담기</span></button></div><a href="https://item.gmarket.co.kr/Item?goodscode=2523388072" class="link__itemcard-info"><span class="box__itemcard-title-area" id="itemCard_title_2523388072"><span class="text__brand"><span class="text">아침에주스</span></span><span class="text__title" id="item_title">서울우유 아침에주스 오렌지 1.8L</span></span><span class="box__itemcard-price-area"><span class="box__price-seller"><span class="for-a11y">판매가</span><strong class="text__price-seller">6,480</strong><span class="text__unit">원</span></span><span class="box__prime-cost"><span class="for-a11y">원가</span><span class="text__unit-cost">(<!-- -->100mL당 360원<!-- -->)</span></span></span><span class="box__itemcard-info-score"><span class="sprite__smilefresh--before box__score-awards"><span class="for-a11y">평점</span><span class="text text__score">4.8</span><span class="for-a11y">후기</span><span class="text text__num">(2,860)</span><span class="for-a11y">건</span></span><span class="box__score-buycnt"><span class="text text__buy">구매</span><span class="text text__num">9,772</span><span class="for-a11y">건</span></span></span><span class="box__itemcard-benefit-tag"><span class="box__tag box__tag-coupon"><span class="sprite__smilefresh--before box__inner">15% 쿠폰</span></span></span></a><button type="button" class="sprite__smilefresh--after button__favorite-item" aria-describedby="itemCard_title_2523388072" aria-pressed="false" aria-label="관심상품 등록하기"></button></div></div></div></div></li><li class="list-item"><div class="box__itemcard-container"><div class="box__itemcard-body"><div class="box__itemcard-inner"><span class="box__thumbnail__label">31</span><a class="link__itemcard" href="https://item.gmarket.co.kr/Item?goodscode=2523407923" tabindex="-1" aria-hidden="true"><span class="box__itemcard-img"><img class="image__itemcard no-js-400?ver=1714095813" src="data:image/gif;base64,R0lGODlhAQABAIAAAP///wAAACH5BAEAAAAALAAAAAABAAEAAAICRAEAOw==" alt="삼다수 500ml - 상품 이미지"/><noscript><style>.no-js-400?ver=1714095813 { display: none !important; }</style><img class="image__itemcard" src="https://gdimg.gmarket.co.kr/2523407923/still/400?ver=1714095813" alt="삼다수 500ml - 상품 이미지"/></noscript></span></a><div class="box__itemcard-info"><div class="box__element-info"><div class="element-info-qty"><button aria-describedby="itemCard_title_2523407923" class="sprite__smilefresh--before element-info-qty-minus" aria-disabled="true"><span class="for-a11y">상품 수 <!-- -->4<!-- --> 감소</span></button><span class="element-info-item-qty" aria-describedby="itemCard_title_2523407923"><span class="for-a11y">선택된 수량</span> <!-- -->4</span><button aria-describedby="itemCard_title_2523407923" class="sprite__smilefresh--before element-info-qty-plus"><span class="for-a11y">상품 수 <!-- -->4<!-- --> 증가</span></button></div><button type="button" class="sprite__smilefresh--before element-info-cart" aria-describedby="itemCard_title_2523407923"><span class="for-a11y">장바구니 담기</span></button></div><a href="https://item.gmarket.co.kr/Item?goodscode=2523407923" class="link__itemcard-info"><span class="box__itemcard-title-area" id="itemCard_title_2523407923"><span class="text__brand"><span class="text">제주삼다수</span></span><span class="text__title" id="item_title">삼다수 500ml</span></span><span class="box__itemcard-price-area"><span class="box__price-seller"><span class="for-a11y">판매가</span><strong class="text__price-seller">480</strong><span class="text__unit">원</span></span></span><span class="box__itemcard-info-score"><span class="sprite__smilefresh--before box__score-awards"><span class="for-a11y">평점</span><span class="text text__score">4.8</span><span class="for-a11y">후기</span><span class="text text__num">(2,731)</span><span class="for-a11y">건</span></span><span class="box__score-buycnt"><span class="text text__buy">구매</span><span class="text text__num">201,680</span><span class="for-a11y">건</span></span></span><span class="box__itemcard-benefit-tag"><span class="box__tag box__tag-coupon"><span class="sprite__smilefresh--before box__inner">15% 쿠폰</span></span></span></a><button type="button" class="sprite__smilefresh--after button__favorite-item" aria-describedby="itemCard_title_2523407923" aria-pressed="false" aria-label="관심상품 등록하기"></button></div></div></div></div></li><li class="list-item"><div class="box__itemcard-container"><div class="box__itemcard-body"><div class="box__itemcard-inner"><span class="box__thumbnail__label">32</span><a class="link__itemcard" href="https://item.gmarket.co.kr/Item?goodscode=2518842977" tabindex="-1" aria-hidden="true"><span class="box__itemcard-img"><img class="image__itemcard no-js-400?ver=1725115011" src="data:image/gif;base64,R0lGODlhAQABAIAAAP///wAAACH5BAEAAAAALAAAAAABAAEAAAICRAEAOw==" alt="스프라이트 제로 1.5L - 상품 이미지"/><noscript><style>.no-js-400?ver=1725115011 { display: none !important; }</style><img class="image__itemcard" src="https://gdimg.gmarket.co.kr/2518842977/still/400?ver=1725115011" alt="스프라이트 제로 1.5L - 상품 이미지"/></noscript></span></a><div class="box__itemcard-info"><div class="box__element-info"><div class="element-info-qty"><button aria-describedby="itemCard_title_2518842977" class="sprite__smilefresh--before element-info-qty-minus" aria-disabled="true"><span class="for-a11y">상품 수 <!-- -->1<!-- --> 감소</span></button><span class="element-info-item-qty" aria-describedby="itemCard_title_2518842977"><span class="for-a11y">선택된 수량</span> <!-- -->1</span><button aria-describedby="itemCard_title_2518842977" class="sprite__smilefresh--before element-info-qty-plus"><span class="for-a11y">상품 수 <!-- -->1<!-- --> 증가</span></button></div><button type="button" class="sprite__smilefresh--before element-info-cart" aria-describedby="itemCard_title_2518842977"><span class="for-a11y">장바구니 담기</span></button></div><a href="https://item.gmarket.co.kr/Item?goodscode=2518842977" class="link__itemcard-info"><span class="box__itemcard-title-area" id="itemCard_title_2518842977"><span class="text__brand"><span class="text">스프라이트 제로</span></span><span class="text__title" id="item_title">스프라이트 제로 1.5L</span></span><span class="box__itemcard-price-area"><span class="box__price-seller"><span class="for-a11y">판매가</span><strong class="text__price-seller">1,440</strong><span class="text__unit">원</span></span><span class="box__prime-cost"><span class="for-a11y">원가</span><span class="text__unit-cost">(<!-- -->100mL당 96원<!-- -->)</span></span></span><span class="box__itemcard-info-score"><span class="sprite__smilefresh--before box__score-awards"><span class="for-a11y">평점</span><span class="text text__score">4.8</span><span class="for-a11y">후기</span><span class="text text__num">(1,892)</span><span class="for-a11y">건</span></span><span class="box__score-buycnt"><span class="text text__buy">구매</span><span class="text text__num">14,651</span><span class="for-a11y">건</span></span></span><span class="box__itemcard-benefit-tag"><span class="box__tag box__tag-coupon"><span class="sprite__smilefresh--before box__inner">15% 쿠폰</span></span></span></a><button type="button" class="sprite__smilefresh--after button__favorite-item" aria-describedby="itemCard_title_2518842977" aria-pressed="false" aria-label="관심상품 등록하기"></button></div></div></div></div></li><li class="list-item"><div class="box__itemcard-container"><div class="box__itemcard-body"><div class="box__itemcard-inner"><span class="box__thumbnail__label">33</span><a class="link__itemcard" href="https://item.gmarket.co.kr/Item?goodscode=2518622377" tabindex="-1" aria-hidden="true"><span class="box__itemcard-img"><img class="image__itemcard no-js-400?ver=1725091777" src="data:image/gif;base64,R0lGODlhAQABAIAAAP///wAAACH5BAEAAAAALAAAAAABAAEAAAICRAEAOw==" alt="스프라이트 1.5L - 상품 이미지"/><noscript><style>.no-js-400?ver=1725091777 { display: none !important; }</style><img class="image__itemcard" src="https://gdimg.gmarket.co.kr/2518622377/still/400?ver=1725091777" alt="스프라이트 1.5L - 상품 이미지"/></noscript></span></a><div class="box__itemcard-info"><div class="box__element-info"><div class="element-info-qty"><button aria-describedby="itemCard_title_2518622377" class="sprite__smilefresh--before element-info-qty-minus" aria-disabled="true"><span class="for-a11y">상품 수 <!-- -->1<!-- --> 감소</span></button><span class="element-info-item-qty" aria-describedby="itemCard_title_2518622377"><span class="for-a11y">선택된 수량</span> <!-- -->1</span><button aria-describedby="itemCard_title_2518622377" class="sprite__smilefresh--before element-info-qty-plus"><span class="for-a11y">상품 수 <!-- -->1<!-- --> 증가</span></button></div><button type="button" class="sprite__smilefresh--before element-info-cart" aria-describedby="itemCard_title_2518622377"><span class="for-a11y">장바구니 담기</span></button></div><a href="https://item.gmarket.co.kr/Item?goodscode=2518622377" class="link__itemcard-info"><span class="box__itemcard-title-area" id="itemCard_title_2518622377"><span class="text__brand"><span class="text">스프라이트</span></span><span class="text__title" id="item_title">스프라이트 1.5L</span></span><span class="box__itemcard-price-area"><span class="box__price-seller"><span class="for-a11y">판매가</span><strong class="text__price-seller">1,440</strong><span class="text__unit">원</span></span><span class="box__prime-cost"><span class="for-a11y">원가</span><span class="text__unit-cost">(<!-- -->100mL당 96원<!-- -->)</span></span></span><span class="box__itemcard-info-score"><span class="sprite__smilefresh--before box__score-awards"><span class="for-a11y">평점</span><span class="text text__score">4.8</span><span class="for-a11y">후기</span><span class="text text__num">(2,036)</span><span class="for-a11y">건</span></span><span class="box__score-buycnt"><span class="text text__buy">구매</span><span class="text text__num">13,469</span><span class="for-a11y">건</span></span></span><span class="box__itemcard-benefit-tag"><span class="box__tag box__tag-coupon"><span class="sprite__smilefresh--before box__inner">15% 쿠폰</span></span></span></a><button type="button" class="sprite__smilefresh--after button__favorite-item" aria-describedby="itemCard_title_2518622377" aria-pressed="false" aria-label="관심상품 등록하기"></button></div></div></div></div></li><li class="list-item"><div class="box__itemcard-container"><div class="box__itemcard-body"><div class="box__itemcard-inner"><span class="box__thumbnail__label">34</span><a class="link__itemcard" href="https://item.gmarket.co.kr/Item?goodscode=2519504771" tabindex="-1" aria-hidden="true"><span class="box__itemcard-img"><img class="image__itemcard no-js-400?ver=1725100135" src="data:image/gif;base64,R0lGODlhAQABAIAAAP///wAAACH5BAEAAAAALAAAAAABAAEAAAICRAEAOw==" alt="코코팜 포도 1.0L PET - 상품 이미지"/><noscript><style>.no-js-400?ver=1725100135 { display: none !important; }</style><img class="image__itemcard" src="https://gdimg.gmarket.co.kr/2519504771/still/400?ver=1725100135" alt="코코팜 포도 1.0L PET - 상품 이미지"/></noscript></span></a><div class="box__itemcard-info"><div class="box__element-info"><div class="element-info-qty"><button aria-describedby="itemCard_title_2519504771" class="sprite__smilefresh--before element-info-qty-minus" aria-disabled="true"><span class="for-a11y">상품 수 <!-- -->1<!-- --> 감소</span></button><span class="element-info-item-qty" aria-describedby="itemCard_title_2519504771"><span class="for-a11y">선택된 수량</span> <!-- -->1</span><button aria-describedby="itemCard_title_2519504771" class="sprite__smilefresh--before element-info-qty-plus"><span class="for-a11y">상품 수 <!-- -->1<!-- --> 증가</span></button></div><button type="button" class="sprite__smilefresh--before element-info-cart" aria-describedby="itemCard_title_2519504771"><span class="for-a11y">장바구니 담기</span></button></div><a href="https://item.gmarket.co.kr/Item?goodscode=2519504771" class="link__itemcard-info"><span class="box__itemcard-title-area" id="itemCard_title_2519504771"><span class="text__title" id="item_title">코코팜 포도 1.0L PET</span></span><span class="box__itemcard-price-area"><span class="box__price-seller"><span class="for-a11y">판매가</span><strong class="text__price-seller">980</strong><span class="text__unit">원</span></span><span class="box__prime-cost"><span class="for-a11y">원가</span><strong class="text__dc-rate">55<!-- -->%</strong><span class="text__prime-cost">2,180<span class="text__unit">원</span></span></span></span><span class="box__itemcard-info-score"><span class="sprite__smilefresh--before box__score-awards"><span class="for-a11y">평점</span><span class="text text__score">4.8</span><span class="for-a11y">후기</span><span class="text text__num">(963)</span><span class="for-a11y">건</span></span><span class="box__score-buycnt"><span class="text text__buy">구매</span><span class="text text__num">5,329</span><span class="for-a11y">건</span></span></span><span class="box__itemcard-benefit-tag"><span class="box__tag box__tag-coupon"><span class="sprite__smilefresh--before box__inner">15% 쿠폰</span></span></span></a><button type="button" class="sprite__smilefresh--after button__favorite-item" aria-describedby="itemCard_title_2519504771" aria-pressed="false" aria-label="관심상품 등록하기"></button></div></div></div></div></li><li class="list-item"><div class="box__itemcard-container"><div class="box__itemcard-body"><div class="box__itemcard-inner"><span class="box__thumbnail__label">35</span><a class="link__itemcard" href="https://item.gmarket.co.kr/Item?goodscode=3736935533" tabindex="-1" aria-hidden="true"><span class="box__itemcard-img"><img class="image__itemcard no-js-400?ver=1725143612" src="data:image/gif;base64,R0lGODlhAQABAIAAAP///wAAACH5BAEAAAAALAAAAAABAAEAAAICRAEAOw==" alt="노브랜드 사이다 1.5L - 상품 이미지"/><noscript><style>.no-js-400?ver=1725143612 { display: none !important; }</style><img class="image__itemcard" src="https://gdimg.gmarket.co.kr/3736935533/still/400?ver=1725143612" alt="노브랜드 사이다 1.5L - 상품 이미지"/></noscript></span></a><div class="box__itemcard-info"><div class="box__element-info"><div class="element-info-qty"><button aria-describedby="itemCard_title_3736935533" class="sprite__smilefresh--before element-info-qty-minus" aria-disabled="true"><span class="for-a11y">상품 수 <!-- -->1<!-- --> 감소</span></button><span class="element-info-item-qty" aria-describedby="itemCard_title_3736935533"><span class="for-a11y">선택된 수량</span> <!-- -->1</span><button aria-describedby="itemCard_title_3736935533" class="sprite__smilefresh--before element-info-qty-plus"><span class="for-a11y">상품 수 <!-- -->1<!-- --> 증가</span></button></div><button type="button" class="sprite__smilefresh--before element-info-cart" aria-describedby="itemCard_title_3736935533"><span class="for-a11y">장바구니 담기</span></button></div><a href="https://item.gmarket.co.kr/Item?goodscode=3736935533" class="link__itemcard-info"><span class="box__itemcard-title-area" id="itemCard_title_3736935533"><span class="text__brand"><span class="text">노브랜드</span></span><span class="text__title" id="item_title">노브랜드 사이다 1.5L</span></span><span class="box__itemcard-price-area"><span class="box__price-seller"><span class="for-a11y">판매가</span><strong class="text__price-seller">980</strong><span class="text__unit">원</span></span><span class="box__prime-cost"><span class="for-a11y">원가</span><span class="text__unit-cost">(<!-- -->100mL당 65원<!-- -->)</span></span></span><span class="box__itemcard-info-score"><span class="sprite__smilefresh--before box__score-awards"><span class="for-a11y">평점</span><span class="text text__score">4.7</span><span class="for-a11y">후기</span><span class="text text__num">(447)</span><span class="for-a11y">건</span></span><span class="box__score-buycnt"><span class="text text__buy">구매</span><span class="text text__num">2,705</span><span class="for-a11y">건</span></span></span><span class="box__itemcard-benefit-tag"><span class="box__tag box__tag-coupon"><span class="sprite__smilefresh--before box__inner">15% 쿠폰</span></span></span></a><button type="button" class="sprite__smilefresh--after button__favorite-item" aria-describedby="itemCard_title_3736935533" aria-pressed="false" aria-label="관심상품 등록하기"></button></div></div></div></div></li><li class="list-item"><div class="box__itemcard-container"><div class="box__itemcard-body"><div class="box__itemcard-inner"><span class="box__thumbnail__label">36</span><a class="link__itemcard" href="https://item.gmarket.co.kr/Item?goodscode=2908993993" tabindex="-1" aria-hidden="true"><span class="box__itemcard-img"><img class="image__itemcard no-js-400?ver=1725126682" src="data:image/gif;base64,R0lGODlhAQABAIAAAP///wAAACH5BAEAAAAALAAAAAABAAEAAAICRAEAOw==" alt="노브랜드 제로콜라 1L - 상품 이미지"/><noscript><style>.no-js-400?ver=1725126682 { display: none !important; }</style><img class="image__itemcard" src="https://gdimg.gmarket.co.kr/2908993993/still/400?ver=1725126682" alt="노브랜드 제로콜라 1L - 상품 이미지"/></noscript></span></a><div class="box__itemcard-info"><div class="box__element-info"><div class="element-info-qty"><button aria-describedby="itemCard_title_2908993993" class="sprite__smilefresh--before element-info-qty-minus" aria-disabled="true"><span class="for-a11y">상품 수 <!-- -->1<!-- --> 감소</span></button><span class="element-info-item-qty" aria-describedby="itemCard_title_2908993993"><span class="for-a11y">선택된 수량</span> <!-- -->1</span><button aria-describedby="itemCard_title_2908993993" class="sprite__smilefresh--before element-info-qty-plus"><span class="for-a11y">상품 수 <!-- -->1<!-- --> 증가</span></button></div><button type="button" class="sprite__smilefresh--before element-info-cart" aria-describedby="itemCard_title_2908993993"><span class="for-a11y">장바구니 담기</span></button></div><a href="https://item.gmarket.co.kr/Item?goodscode=2908993993" class="link__itemcard-info"><span class="box__itemcard-title-area" id="itemCard_title_2908993993"><span class="text__brand"><span class="text">노브랜드</span></span><span class="text__title" id="item_title">노브랜드 제로콜라 1L</span></span><span class="box__itemcard-price-area"><span class="box__price-seller"><span class="for-a11y">판매가</span><strong class="text__price-seller">980</strong><span class="text__unit">원</span></span><span class="box__prime-cost"><span class="for-a11y">원가</span><span class="text__unit-cost">(<!-- -->100mL당 98원<!-- -->)</span></span></span><span class="box__itemcard-info-score"><span class="sprite__smilefresh--before box__score-awards"><span class="for-a11y">평점</span><span class="text text__score">4.8</span><span class="for-a11y">후기</span><span class="text text__num">(1,979)</span><span class="for-a11y">건</span></span><span class="box__score-buycnt"><span class="text text__buy">구매</span><span class="text text__num">9,727</span><span class="for-a11y">건</span></span></span></a><button type="button" class="sprite__smilefresh--after button__favorite-item" aria-describedby="itemCard_title_2908993993" aria-pressed="false" aria-label="관심상품 등록하기"></button></div></div></div></div></li><li class="list-item"><div class="box__itemcard-container"><div class="box__itemcard-body"><div class="box__itemcard-inner"><span class="box__thumbnail__label">37</span><a class="link__itemcard" href="https://item.gmarket.co.kr/Item?goodscode=2894219620" tabindex="-1" aria-hidden="true"><span class="box__itemcard-img"><img class="image__itemcard no-js-400?ver=1725129938" src="data:image/gif;base64,R0lGODlhAQABAIAAAP///wAAACH5BAEAAAAALAAAAAABAAEAAAICRAEAOw==" alt="노브랜드 캔콜라 제로 355ml6 - 상품 이미지"/><noscript><style>.no-js-400?ver=1725129938 { display: none !important; }</style><img class="image__itemcard" src="https://gdimg.gmarket.co.kr/2894219620/still/400?ver=1725129938" alt="노브랜드 캔콜라 제로 355ml6 - 상품 이미지"/></noscript></span></a><div class="box__itemcard-info"><div class="box__element-info"><div class="element-info-qty"><button aria-describedby="itemCard_title_2894219620" class="sprite__smilefresh--before element-info-qty-minus" aria-disabled="true"><span class="for-a11y">상품 수 <!-- -->1<!-- --> 감소</span></button><span class="element-info-item-qty" aria-describedby="itemCard_title_2894219620"><span class="for-a11y">선택된 수량</span> <!-- -->1</span><button aria-describedby="itemCard_title_2894219620" class="sprite__smilefresh--before element-info-qty-plus"><span class="for-a11y">상품 수 <!-- -->1<!-- --> 증가</span></button></div><button type="button" class="sprite__smilefresh--before element-info-cart" aria-describedby="itemCard_title_2894219620"><span class="for-a11y">장바구니 담기</span></button></div><a href="https://item.gmarket.co.kr/Item?goodscode=2894219620" class="link__itemcard-info"><span class="box__itemcard-title-area" id="itemCard_title_2894219620"><span class="text__brand"><span class="text">노브랜드</span></span><span class="text__title" id="item_title">노브랜드 캔콜라 제로 355ml6</span></span><span class="box__itemcard-price-area"><span class="box__price-seller"><span class="for-a11y">판매가</span><strong class="text__price-seller">2,880</strong><span class="text__unit">원</span></span><span class="box__prime-cost"><span class="for-a11y">원가</span><span class="text__unit-cost">(<!-- -->100mL당 135원<!-- -->)</span></span></span><span class="box__itemcard-info-score"><span class="sprite__smilefresh--before box__score-awards"><span class="for-a11y">평점</span><span class="text text__score">4.8</span><span class="for-a11y">후기</span><span class="text text__num">(1,873)</span><span class="for-a11y">건</span></span><span class="box__score-buycnt"><span class="text text__buy">구매</span><span class="text text__num">5,381</span><span class="for-a11y">건</span></span></span></a><button type="button" class="sprite__smilefresh--after button__favorite-item" aria-describedby="itemCard_title_2894219620" aria-pressed="false" aria-label="관심상품 등록하기"></button></div></div></div></div></li><li class="list-item"><div class="box__itemcard-container"><div class="box__itemcard-body"><div class="box__itemcard-inner"><span class="box__thumbnail__label">38</span><a class="link__itemcard" href="https://item.gmarket.co.kr/Item?goodscode=2518609741" tabindex="-1" aria-hidden="true"><span class="box__itemcard-img"><img class="image__itemcard no-js-400?ver=1725091762" src="data:image/gif;base64,R0lGODlhAQABAIAAAP///wAAACH5BAEAAAAALAAAAAABAAEAAAICRAEAOw==" alt="암바사 1.5L - 상품 이미지"/><noscript><style>.no-js-400?ver=1725091762 { display: none !important; }</style><img class="image__itemcard" src="https://gdimg.gmarket.co.kr/2518609741/still/400?ver=1725091762" alt="암바사 1.5L - 상품 이미지"/></noscript></span></a><div class="box__itemcard-info"><div class="box__element-info"><div class="element-info-qty"><button aria-describedby="itemCard_title_2518609741" class="sprite__smilefresh--before element-info-qty-minus" aria-disabled="true"><span class="for-a11y">상품 수 <!-- -->1<!-- --> 감소</span></button><span class="element-info-item-qty" aria-describedby="itemCard_title_2518609741"><span class="for-a11y">선택된 수량</span> <!-- -->1</span><button aria-describedby="itemCard_title_2518609741" class="sprite__smilefresh--before element-info-qty-plus"><span class="for-a11y">상품 수 <!-- -->1<!-- --> 증가</span></button></div><button type="button" class="sprite__smilefresh--before element-info-cart" aria-describedby="itemCard_title_2518609741"><span class="for-a11y">장바구니 담기</span></button></div><a href="https://item.gmarket.co.kr/Item?goodscode=2518609741" class="link__itemcard-info"><span class="box__itemcard-title-area" id="itemCard_title_2518609741"><span class="text__brand"><span class="text">환타 밀크소다</span></span><span class="text__title" id="item_title">암바사 1.5L</span></span><span class="box__itemcard-price-area"><span class="box__price-seller"><span class="for-a11y">판매가</span><strong class="text__price-seller">1,190</strong><span class="text__unit">원</span></span><span class="box__prime-cost"><span class="for-a11y">원가</span><span class="text__unit-cost">(<!-- -->100mL당 79원<!-- -->)</span></span></span><span class="box__itemcard-info-score"><span class="sprite__smilefresh--before box__score-awards"><span class="for-a11y">평점</span><span class="text text__score">4.8</span><span class="for-a11y">후기</span><span class="text text__num">(988)</span><span class="for-a11y">건</span></span><span class="box__score-buycnt"><span class="text text__buy">구매</span><span class="text text__num">6,078</span><span class="for-a11y">건</span></span></span><span class="box__itemcard-benefit-tag"><span class="box__tag box__tag-coupon"><span class="sprite__smilefresh--before box__inner">15% 쿠폰</span></span></span></a><button type="button" class="sprite__smilefresh--after button__favorite-item" aria-describedby="itemCard_title_2518609741" aria-pressed="false" aria-label="관심상품 등록하기"></button></div></div></div></div></li><li class="list-item"><div class="box__itemcard-container"><div class="box__itemcard-body"><div class="box__itemcard-inner"><span class="box__thumbnail__label">39</span><a class="link__itemcard" href="https://item.gmarket.co.kr/Item?goodscode=2522368370" tabindex="-1" aria-hidden="true"><span class="box__itemcard-img"><img class="image__itemcard no-js-400?ver=1725101342" src="data:image/gif;base64,R0lGODlhAQABAIAAAP///wAAACH5BAEAAAAALAAAAAABAAEAAAICRAEAOw==" alt="칠성사이다210캔10 - 상품 이미지"/><noscript><style>.no-js-400?ver=1725101342 { display: none !important; }</style><img class="image__itemcard" src="https://gdimg.gmarket.co.kr/2522368370/still/400?ver=1725101342" alt="칠성사이다210캔10 - 상품 이미지"/></noscript></span></a><div class="box__itemcard-info"><div class="box__element-info"><div class="element-info-qty"><button aria-describedby="itemCard_title_2522368370" class="sprite__smilefresh--before element-info-qty-minus" aria-disabled="true"><span class="for-a11y">상품 수 <!-- -->1<!-- --> 감소</span></button><span class="element-info-item-qty" aria-describedby="itemCard_title_2522368370"><span class="for-a11y">선택된 수량</span> <!-- -->1</span><button aria-describedby="itemCard_title_2522368370" class="sprite__smilefresh--before element-info-qty-plus"><span class="for-a11y">상품 수 <!-- -->1<!-- --> 증가</span></button></div><button type="button" class="sprite__smilefresh--before element-info-cart" aria-describedby="itemCard_title_2522368370"><span class="for-a11y">장바구니 담기</span></button></div><a href="https://item.gmarket.co.kr/Item?goodscode=2522368370" class="link__itemcard-info"><span class="box__itemcard-title-area" id="itemCard_title_2522368370"><span class="text__brand"><span class="text">롯데칠성</span></span><span class="text__title" id="item_title">칠성사이다210캔10</span></span><span class="box__itemcard-price-area"><span class="box__price-seller"><span class="for-a11y">판매가</span><strong class="text__price-seller">5,480</strong><span class="text__unit">원</span></span><span class="box__prime-cost"><span class="for-a11y">원가</span><span class="text__unit-cost">(<!-- -->100mL당 261원<!-- -->)</span></span></span><span class="box__itemcard-info-score"><span class="sprite__smilefresh--before box__score-awards"><span class="for-a11y">평점</span><span class="text text__score">4.8</span><span class="for-a11y">후기</span><span class="text text__num">(1,543)</span><span class="for-a11y">건</span></span><span class="box__score-buycnt"><span class="text text__buy">구매</span><span class="text text__num">5,574</span><span class="for-a11y">건</span></span></span><span class="box__itemcard-benefit-tag"><span class="box__tag box__tag-coupon"><span class="sprite__smilefresh--before box__inner">15% 쿠폰</span></span></span></a><button type="button" class="sprite__smilefresh--after button__favorite-item" aria-describedby="itemCard_title_2522368370" aria-pressed="false" aria-label="관심상품 등록하기"></button></div></div></div></div></li><li class="list-item"><div class="box__itemcard-container"><div class="box__itemcard-body"><div class="box__itemcard-inner"><span class="box__thumbnail__label">40</span><a class="link__itemcard" href="https://item.gmarket.co.kr/Item?goodscode=2518499685" tabindex="-1" aria-hidden="true"><span class="box__itemcard-img"><img class="image__itemcard no-js-400?ver=1725092695" src="data:image/gif;base64,R0lGODlhAQABAIAAAP///wAAACH5BAEAAAAALAAAAAABAAEAAAICRAEAOw==" alt="롯데 밀키스 1.5L - 상품 이미지"/><noscript><style>.no-js-400?ver=1725092695 { display: none !important; }</style><img class="image__itemcard" src="https://gdimg.gmarket.co.kr/2518499685/still/400?ver=1725092695" alt="롯데 밀키스 1.5L - 상품 이미지"/></noscript></span></a><div class="box__itemcard-info"><div class="box__element-info"><div class="element-info-qty"><button aria-describedby="itemCard_title_2518499685" class="sprite__smilefresh--before element-info-qty-minus" aria-disabled="true"><span class="for-a11y">상품 수 <!-- -->1<!-- --> 감소</span></button><span class="element-info-item-qty" aria-describedby="itemCard_title_2518499685"><span class="for-a11y">선택된 수량</span> <!-- -->1</span><button aria-describedby="itemCard_title_2518499685" class="sprite__smilefresh--before element-info-qty-plus"><span class="for-a11y">상품 수 <!-- -->1<!-- --> 증가</span></button></div><button type="button" class="sprite__smilefresh--before element-info-cart" aria-describedby="itemCard_title_2518499685"><span class="for-a11y">장바구니 담기</span></button></div><a href="https://item.gmarket.co.kr/Item?goodscode=2518499685" class="link__itemcard-info"><span class="box__itemcard-title-area" id="itemCard_title_2518499685"><span class="text__brand"><span class="text">롯데칠성</span></span><span class="text__title" id="item_title">롯데 밀키스 1.5L</span></span><span class="box__itemcard-price-area"><span class="box__price-seller"><span class="for-a11y">판매가</span><strong class="text__price-seller">1,670</strong><span class="text__unit">원</span></span><span class="box__prime-cost"><span class="for-a11y">원가</span><strong class="text__dc-rate">39<!-- -->%</strong><span class="text__prime-cost">2,780<span class="text__unit">원</span></span><span class="text__unit-cost">(<!-- -->100mL당 111원<!-- -->)</span></span></span><span class="box__itemcard-info-score"><span class="sprite__smilefresh--before box__score-awards"><span class="for-a11y">평점</span><span class="text text__score">4.8</span><span class="for-a11y">후기</span><span class="text text__num">(477)</span><span class="for-a11y">건</span></span><span class="box__score-buycnt"><span class="text text__buy">구매</span><span class="text text__num">1,872</span><span class="for-a11y">건</span></span></span><span class="box__itemcard-benefit-tag"><span class="box__tag box__tag-coupon"><span class="sprite__smilefresh--before box__inner">15% 쿠폰</span></span></span></a><button type="button" class="sprite__smilefresh--after button__favorite-item" aria-describedby="itemCard_title_2518499685" aria-pressed="false" aria-label="관심상품 등록하기"></button></div></div></div></div></li><li class="list-item"><div class="box__itemcard-container"><div class="box__itemcard-body"><div class="box__itemcard-inner"><span class="box__thumbnail__label">41</span><a class="link__itemcard" href="https://item.gmarket.co.kr/Item?goodscode=2519466510" tabindex="-1" aria-hidden="true"><span class="box__itemcard-img"><img class="image__itemcard no-js-400?ver=1725100381" src="data:image/gif;base64,R0lGODlhAQABAIAAAP///wAAACH5BAEAAAAALAAAAAABAAEAAAICRAEAOw==" alt="토레타 900ml - 상품 이미지"/><noscript><style>.no-js-400?ver=1725100381 { display: none !important; }</style><img class="image__itemcard" src="https://gdimg.gmarket.co.kr/2519466510/still/400?ver=1725100381" alt="토레타 900ml - 상품 이미지"/></noscript></span></a><div class="box__itemcard-info"><div class="box__element-info"><div class="element-info-qty"><button aria-describedby="itemCard_title_2519466510" class="sprite__smilefresh--before element-info-qty-minus" aria-disabled="true"><span class="for-a11y">상품 수 <!-- -->1<!-- --> 감소</span></button><span class="element-info-item-qty" aria-describedby="itemCard_title_2519466510"><span class="for-a11y">선택된 수량</span> <!-- -->1</span><button aria-describedby="itemCard_title_2519466510" class="sprite__smilefresh--before element-info-qty-plus"><span class="for-a11y">상품 수 <!-- -->1<!-- --> 증가</span></button></div><button type="button" class="sprite__smilefresh--before element-info-cart" aria-describedby="itemCard_title_2519466510"><span class="for-a11y">장바구니 담기</span></button></div><a href="https://item.gmarket.co.kr/Item?goodscode=2519466510" class="link__itemcard-info"><span class="box__itemcard-title-area" id="itemCard_title_2519466510"><span class="text__brand"><span class="text">토레타</span></span><span class="text__title" id="item_title">토레타 900ml</span></span><span class="box__itemcard-price-area"><span class="box__price-seller"><span class="for-a11y">판매가</span><strong class="text__price-seller">1,040</strong><span class="text__unit">원</span></span><span class="box__prime-cost"><span class="for-a11y">원가</span><span class="text__unit-cost">(<!-- -->100mL당 116원<!-- -->)</span></span></span><span class="box__itemcard-info-score"><span class="sprite__smilefresh--before box__score-awards"><span class="for-a11y">평점</span><span class="text text__score">4.8</span><span class="for-a11y">후기</span><span class="text text__num">(529)</span><span class="for-a11y">건</span></span><span class="box__score-buycnt"><span class="text text__buy">구매</span><span class="text text__num">4,414</span><span class="for-a11y">건</span></span></span><span class="box__itemcard-benefit-tag"><span class="box__tag box__tag-coupon"><span class="sprite__smilefresh--before box__inner">15% 쿠폰</span></span></span></a><button type="button" class="sprite__smilefresh--after button__favorite-item" aria-describedby="itemCard_title_2519466510" aria-pressed="false" aria-label="관심상품 등록하기"></button></div></div></div></div></li><li class="list-item"><div class="box__itemcard-container"><div class="box__itemcard-body"><div class="box__itemcard-inner"><span class="box__thumbnail__label">42</span><a class="link__itemcard" href="https://item.gmarket.co.kr/Item?goodscode=3119336585" tabindex="-1" aria-hidden="true"><span class="box__itemcard-img"><img class="image__itemcard no-js-400?ver=1725133895" src="data:image/gif;base64,R0lGODlhAQABAIAAAP///wAAACH5BAEAAAAALAAAAAABAAEAAAICRAEAOw==" alt="환타 제로 파인애플 1.5L - 상품 이미지"/><noscript><style>.no-js-400?ver=1725133895 { display: none !important; }</style><img class="image__itemcard" src="https://gdimg.gmarket.co.kr/3119336585/still/400?ver=1725133895" alt="환타 제로 파인애플 1.5L - 상품 이미지"/></noscript></span></a><div class="box__itemcard-info"><div class="box__element-info"><div class="element-info-qty"><button aria-describedby="itemCard_title_3119336585" class="sprite__smilefresh--before element-info-qty-minus" aria-disabled="true"><span class="for-a11y">상품 수 <!-- -->1<!-- --> 감소</span></button><span class="element-info-item-qty" aria-describedby="itemCard_title_3119336585"><span class="for-a11y">선택된 수량</span> <!-- -->1</span><button aria-describedby="itemCard_title_3119336585" class="sprite__smilefresh--before element-info-qty-plus"><span class="for-a11y">상품 수 <!-- -->1<!-- --> 증가</span></button></div><button type="button" class="sprite__smilefresh--before element-info-cart" aria-describedby="itemCard_title_3119336585"><span class="for-a11y">장바구니 담기</span></button></div><a href="https://item.gmarket.co.kr/Item?goodscode=3119336585" class="link__itemcard-info"><span class="box__itemcard-title-area" id="itemCard_title_3119336585"><span class="text__brand"><span class="text">환타 제로</span></span><span class="text__title" id="item_title">환타 제로 파인애플 1.5L</span></span><span class="box__itemcard-price-area"><span class="box__price-seller"><span class="for-a11y">판매가</span><strong class="text__price-seller">1,290</strong><span class="text__unit">원</span></span><span class="box__prime-cost"><span class="for-a11y">원가</span><span class="text__unit-cost">(<!-- -->100mL당 86원<!-- -->)</span></span></span><span class="box__itemcard-info-score"><span class="sprite__smilefresh--before box__score-awards"><span class="for-a11y">평점</span><span class="text text__score">4.8</span><span class="for-a11y">후기</span><span class="text text__num">(1,042)</span><span class="for-a11y">건</span></span><span class="box__score-buycnt"><span class="text text__buy">구매</span><span class="text text__num">7,333</span><span class="for-a11y">건</span></span></span><span class="box__itemcard-benefit-tag"><span class="box__tag box__tag-coupon"><span class="sprite__smilefresh--before box__inner">15% 쿠폰</span></span></span></a><button type="button" class="sprite__smilefresh--after button__favorite-item" aria-describedby="itemCard_title_3119336585" aria-pressed="false" aria-label="관심상품 등록하기"></button></div></div></div></div></li><li class="list-item"><div class="box__itemcard-container"><div class="box__itemcard-body"><div class="box__itemcard-inner"><span class="box__thumbnail__label">43</span><a class="link__itemcard" href="https://item.gmarket.co.kr/Item?goodscode=3951320970" tabindex="-1" aria-hidden="true"><span class="box__itemcard-img"><img class="image__itemcard no-js-400?ver=1725092716" src="data:image/gif;base64,R0lGODlhAQABAIAAAP///wAAACH5BAEAAAAALAAAAAABAAEAAAICRAEAOw==" alt="파워에이드 마운틴 블라스트 (1.5L) - 상품 이미지"/><noscript><style>.no-js-400?ver=1725092716 { display: none !important; }</style><img class="image__itemcard" src="https://gdimg.gmarket.co.kr/3951320970/still/400?ver=1725092716" alt="파워에이드 마운틴 블라스트 (1.5L) - 상품 이미지"/></noscript></span></a><div class="box__itemcard-info"><div class="box__element-info"><div class="element-info-qty"><button aria-describedby="itemCard_title_3951320970" class="sprite__smilefresh--before element-info-qty-minus" aria-disabled="true"><span class="for-a11y">상품 수 <!-- -->1<!-- --> 감소</span></button><span class="element-info-item-qty" aria-describedby="itemCard_title_3951320970"><span class="for-a11y">선택된 수량</span> <!-- -->1</span><button aria-describedby="itemCard_title_3951320970" class="sprite__smilefresh--before element-info-qty-plus"><span class="for-a11y">상품 수 <!-- -->1<!-- --> 증가</span></button></div><button type="button" class="sprite__smilefresh--before element-info-cart" aria-describedby="itemCard_title_3951320970"><span class="for-a11y">장바구니 담기</span></button></div><a href="https://item.gmarket.co.kr/Item?goodscode=3951320970" class="link__itemcard-info"><span class="box__itemcard-title-area" id="itemCard_title_3951320970"><span class="text__brand"><span class="text">파워에이드</span></span><span class="text__title" id="item_title">파워에이드 마운틴 블라스트 (1.5L)</span></span><span class="box__itemcard-price-area"><span class="box__price-seller"><span class="for-a11y">판매가</span><strong class="text__price-seller">1,880</strong><span class="text__unit">원</span></span><span class="box__prime-cost"><span class="for-a11y">원가</span><span class="text__unit-cost">(<!-- -->100mL당 125원<!-- -->)</span></span></span><span class="box__itemcard-info-score"><span class="sprite__smilefresh--before box__score-awards"><span class="for-a11y">평점</span><span class="text text__score">4.8</span><span class="for-a11y">후기</span><span class="text text__num">(201)</span><span class="for-a11y">건</span></span><span class="box__score-buycnt"><span class="text text__buy">구매</span><span class="text text__num">1,855</span><span class="for-a11y">건</span></span></span><span class="box__itemcard-benefit-tag"><span class="box__tag box__tag-coupon"><span class="sprite__smilefresh--before box__inner">15% 쿠폰</span></span></span></a><button type="button" class="sprite__smilefresh--after button__favorite-item" aria-describedby="itemCard_title_3951320970" aria-pressed="false" aria-label="관심상품 등록하기"></button></div></div></div></div></li><li class="list-item"><div class="box__itemcard-container"><div class="box__itemcard-body"><div class="box__itemcard-inner"><span class="box__thumbnail__label">44</span><a class="link__itemcard" href="https://item.gmarket.co.kr/Item?goodscode=2523329550" tabindex="-1" aria-hidden="true"><span class="box__itemcard-img"><img class="image__itemcard no-js-400?ver=1725119598" src="data:image/gif;base64,R0lGODlhAQABAIAAAP///wAAACH5BAEAAAAALAAAAAABAAEAAAICRAEAOw==" alt="CJ 한뿌리 인삼대보 병 10입 - 상품 이미지"/><noscript><style>.no-js-400?ver=1725119598 { display: none !important; }</style><img class="image__itemcard" src="https://gdimg.gmarket.co.kr/2523329550/still/400?ver=1725119598" alt="CJ 한뿌리 인삼대보 병 10입 - 상품 이미지"/></noscript></span></a><div class="box__itemcard-info"><div class="box__element-info"><div class="element-info-qty"><button aria-describedby="itemCard_title_2523329550" class="sprite__smilefresh--before element-info-qty-minus" aria-disabled="true"><span class="for-a11y">상품 수 <!-- -->1<!-- --> 감소</span></button><span class="element-info-item-qty" aria-describedby="itemCard_title_2523329550"><span class="for-a11y">선택된 수량</span> <!-- -->1</span><button aria-describedby="itemCard_title_2523329550" class="sprite__smilefresh--before element-info-qty-plus"><span class="for-a11y">상품 수 <!-- -->1<!-- --> 증가</span></button></div><button type="button" class="sprite__smilefresh--before element-info-cart" aria-describedby="itemCard_title_2523329550"><span class="for-a11y">장바구니 담기</span></button></div><a href="https://item.gmarket.co.kr/Item?goodscode=2523329550" class="link__itemcard-info"><span class="box__itemcard-title-area" id="itemCard_title_2523329550"><span class="text__brand"><span class="text">한뿌리</span></span><span class="text__title" id="item_title">CJ 한뿌리 인삼대보 병 10입</span></span><span class="box__itemcard-price-area"><span class="box__price-seller"><span class="for-a11y">판매가</span><strong class="text__price-seller">29,900</strong><span class="text__unit">원</span></span></span><span class="box__itemcard-info-score"><span class="sprite__smilefresh--before box__score-awards"><span class="for-a11y">평점</span><span class="text text__score">4.8</span><span class="for-a11y">후기</span><span class="text text__num">(126)</span><span class="for-a11y">건</span></span><span class="box__score-buycnt"><span class="text text__buy">구매</span><span class="text text__num">423</span><span class="for-a11y">건</span></span></span><span class="box__itemcard-benefit-tag"><span class="box__tag box__tag-coupon"><span class="sprite__smilefresh--before box__inner">15% 쿠폰</span></span></span></a><button type="button" class="sprite__smilefresh--after button__favorite-item" aria-describedby="itemCard_title_2523329550" aria-pressed="false" aria-label="관심상품 등록하기"></button></div></div></div></div></li><li class="list-item"><div class="box__itemcard-container"><div class="box__itemcard-body"><div class="box__itemcard-inner"><span class="box__thumbnail__label">45</span><a class="link__itemcard" href="https://item.gmarket.co.kr/Item?goodscode=2518761181" tabindex="-1" aria-hidden="true"><span class="box__itemcard-img"><img class="image__itemcard no-js-400?ver=1725092205" src="data:image/gif;base64,R0lGODlhAQABAIAAAP///wAAACH5BAEAAAAALAAAAAABAAEAAAICRAEAOw==" alt="콜드오렌지+포도 1L2 기획 - 상품 이미지"/><noscript><style>.no-js-400?ver=1725092205 { display: none !important; }</style><img class="image__itemcard" src="https://gdimg.gmarket.co.kr/2518761181/still/400?ver=1725092205" alt="콜드오렌지+포도 1L2 기획 - 상품 이미지"/></noscript></span></a><div class="box__itemcard-info"><div class="box__element-info"><div class="element-info-qty"><button aria-describedby="itemCard_title_2518761181" class="sprite__smilefresh--before element-info-qty-minus" aria-disabled="true"><span class="for-a11y">상품 수 <!-- -->1<!-- --> 감소</span></button><span class="element-info-item-qty" aria-describedby="itemCard_title_2518761181"><span class="for-a11y">선택된 수량</span> <!-- -->1</span><button aria-describedby="itemCard_title_2518761181" class="sprite__smilefresh--before element-info-qty-plus"><span class="for-a11y">상품 수 <!-- -->1<!-- --> 증가</span></button></div><button type="button" class="sprite__smilefresh--before element-info-cart" aria-describedby="itemCard_title_2518761181"><span class="for-a11y">장바구니 담기</span></button></div><a href="https://item.gmarket.co.kr/Item?goodscode=2518761181" class="link__itemcard-info"><span class="box__itemcard-title-area" id="itemCard_title_2518761181"><span class="text__title" id="item_title">콜드오렌지+포도 1L2 기획</span></span><span class="box__itemcard-price-area"><span class="box__price-seller"><span class="for-a11y">판매가</span><strong class="text__price-seller">6,780</strong><span class="text__unit">원</span></span></span><span class="box__itemcard-info-score"><span class="sprite__smilefresh--before box__score-awards"><span class="for-a11y">평점</span><span class="text text__score">4.7</span><span class="for-a11y">후기</span><span class="text text__num">(255)</span><span class="for-a11y">건</span></span><span class="box__score-buycnt"><span class="text text__buy">구매</span><span class="text text__num">1,232</span><span class="for-a11y">건</span></span></span><span class="box__itemcard-benefit-tag"><span class="box__tag box__tag-coupon"><span class="sprite__smilefresh--before box__inner">15% 쿠폰</span></span></span></a><button type="button" class="sprite__smilefresh--after button__favorite-item" aria-describedby="itemCard_title_2518761181" aria-pressed="false" aria-label="관심상품 등록하기"></button></div></div></div></div></li><li class="list-item"><div class="box__itemcard-container"><div class="box__itemcard-body"><div class="box__itemcard-inner"><span class="box__thumbnail__label">46</span><a class="link__itemcard" href="https://item.gmarket.co.kr/Item?goodscode=2578553357" tabindex="-1" aria-hidden="true"><span class="box__itemcard-img"><img class="image__itemcard no-js-400?ver=1725122728" src="data:image/gif;base64,R0lGODlhAQABAIAAAP///wAAACH5BAEAAAAALAAAAAABAAEAAAICRAEAOw==" alt="노브랜드쿨피치930ml - 상품 이미지"/><noscript><style>.no-js-400?ver=1725122728 { display: none !important; }</style><img class="image__itemcard" src="https://gdimg.gmarket.co.kr/2578553357/still/400?ver=1725122728" alt="노브랜드쿨피치930ml - 상품 이미지"/></noscript></span></a><div class="box__itemcard-info"><div class="box__element-info"><div class="element-info-qty"><button aria-describedby="itemCard_title_2578553357" class="sprite__smilefresh--before element-info-qty-minus" aria-disabled="true"><span class="for-a11y">상품 수 <!-- -->1<!-- --> 감소</span></button><span class="element-info-item-qty" aria-describedby="itemCard_title_2578553357"><span class="for-a11y">선택된 수량</span> <!-- -->1</span><button aria-describedby="itemCard_title_2578553357" class="sprite__smilefresh--before element-info-qty-plus"><span class="for-a11y">상품 수 <!-- -->1<!-- --> 증가</span></button></div><button type="button" class="sprite__smilefresh--before element-info-cart" aria-describedby="itemCard_title_2578553357"><span class="for-a11y">장바구니 담기</span></button></div><a href="https://item.gmarket.co.kr/Item?goodscode=2578553357" class="link__itemcard-info"><span class="box__itemcard-title-area" id="itemCard_title_2578553357"><span class="text__title" id="item_title">노브랜드쿨피치930ml</span></span><span class="box__itemcard-price-area"><span class="box__price-seller"><span class="for-a11y">판매가</span><strong class="text__price-seller">980</strong><span class="text__unit">원</span></span></span><span class="box__itemcard-info-score"><span class="sprite__smilefresh--before box__score-awards"><span class="for-a11y">평점</span><span class="text text__score">4.8</span><span class="for-a11y">후기</span><span class="text text__num">(4,701)</span><span class="for-a11y">건</span></span><span class="box__score-buycnt"><span class="text text__buy">구매</span><span class="text text__num">15,208</span><span class="for-a11y">건</span></span></span></a><button type="button" class="sprite__smilefresh--after button__favorite-item" aria-describedby="itemCard_title_2578553357" aria-pressed="false" aria-label="관심상품 등록하기"></button></div></div></div></div></li><li class="list-item"><div class="box__itemcard-container"><div class="box__itemcard-body"><div class="box__itemcard-inner"><span class="box__thumbnail__label">47</span><a class="link__itemcard" href="https://item.gmarket.co.kr/Item?goodscode=2518844828" tabindex="-1" aria-hidden="true"><span class="box__itemcard-img"><img class="image__itemcard no-js-400?ver=1725115014" src="data:image/gif;base64,R0lGODlhAQABAIAAAP///wAAACH5BAEAAAAALAAAAAABAAEAAAICRAEAOw==" alt="노브랜드포도100% 1.5L - 상품 이미지"/><noscript><style>.no-js-400?ver=1725115014 { display: none !important; }</style><img class="image__itemcard" src="https://gdimg.gmarket.co.kr/2518844828/still/400?ver=1725115014" alt="노브랜드포도100% 1.5L - 상품 이미지"/></noscript></span></a><div class="box__itemcard-info"><div class="box__element-info"><div class="element-info-qty"><button aria-describedby="itemCard_title_2518844828" class="sprite__smilefresh--before element-info-qty-minus" aria-disabled="true"><span class="for-a11y">상품 수 <!-- -->1<!-- --> 감소</span></button><span class="element-info-item-qty" aria-describedby="itemCard_title_2518844828"><span class="for-a11y">선택된 수량</span> <!-- -->1</span><button aria-describedby="itemCard_title_2518844828" class="sprite__smilefresh--before element-info-qty-plus"><span class="for-a11y">상품 수 <!-- -->1<!-- --> 증가</span></button></div><button type="button" class="sprite__smilefresh--before element-info-cart" aria-describedby="itemCard_title_2518844828"><span class="for-a11y">장바구니 담기</span></button></div><a href="https://item.gmarket.co.kr/Item?goodscode=2518844828" class="link__itemcard-info"><span class="box__itemcard-title-area" id="itemCard_title_2518844828"><span class="text__brand"><span class="text">노브랜드</span></span><span class="text__title" id="item_title">노브랜드포도100% 1.5L</span></span><span class="box__itemcard-price-area"><span class="box__price-seller"><span class="for-a11y">판매가</span><strong class="text__price-seller">2,280</strong><span class="text__unit">원</span></span><span class="box__prime-cost"><span class="for-a11y">원가</span><span class="text__unit-cost">(<!-- -->100mL당 152원<!-- -->)</span></span></span><span class="box__itemcard-info-score"><span class="sprite__smilefresh--before box__score-awards"><span class="for-a11y">평점</span><span class="text text__score">4.8</span><span class="for-a11y">후기</span><span class="text text__num">(1,975)</span><span class="for-a11y">건</span></span><span class="box__score-buycnt"><span class="text text__buy">구매</span><span class="text text__num">7,114</span><span class="for-a11y">건</span></span></span></a><button type="button" class="sprite__smilefresh--after button__favorite-item" aria-describedby="itemCard_title_2518844828" aria-pressed="false" aria-label="관심상품 등록하기"></button></div></div></div></div></li><li class="list-item"><div class="box__itemcard-container"><div class="box__itemcard-body"><div class="box__itemcard-inner"><span class="box__thumbnail__label">48</span><a class="link__itemcard" href="https://item.gmarket.co.kr/Item?goodscode=3780885033" tabindex="-1" aria-hidden="true"><span class="box__itemcard-img"><img class="image__itemcard no-js-400?ver=1725144148" src="data:image/gif;base64,R0lGODlhAQABAIAAAP///wAAACH5BAEAAAAALAAAAAABAAEAAAICRAEAOw==" alt="농심 멘토스 스파클링워터 레몬 355ml - 상품 이미지"/><noscript><style>.no-js-400?ver=1725144148 { display: none !important; }</style><img class="image__itemcard" src="https://gdimg.gmarket.co.kr/3780885033/still/400?ver=1725144148" alt="농심 멘토스 스파클링워터 레몬 355ml - 상품 이미지"/></noscript></span></a><div class="box__itemcard-info"><div class="box__element-info"><div class="element-info-qty"><button aria-describedby="itemCard_title_3780885033" class="sprite__smilefresh--before element-info-qty-minus" aria-disabled="true"><span class="for-a11y">상품 수 <!-- -->1<!-- --> 감소</span></button><span class="element-info-item-qty" aria-describedby="itemCard_title_3780885033"><span class="for-a11y">선택된 수량</span> <!-- -->1</span><button aria-describedby="itemCard_title_3780885033" class="sprite__smilefresh--before element-info-qty-plus"><span class="for-a11y">상품 수 <!-- -->1<!-- --> 증가</span></button></div><button type="button" class="sprite__smilefresh--before element-info-cart" aria-describedby="itemCard_title_3780885033"><span class="for-a11y">장바구니 담기</span></button></div><a href="https://item.gmarket.co.kr/Item?goodscode=3780885033" class="link__itemcard-info"><span class="box__itemcard-title-area" id="itemCard_title_3780885033"><span class="text__brand"><span class="text">멘토스</span></span><span class="text__title" id="item_title">농심 멘토스 스파클링워터 레몬 355ml</span></span><span class="box__itemcard-price-area"><span class="box__price-seller"><span class="for-a11y">판매가</span><strong class="text__price-seller">720</strong><span class="text__unit">원</span></span><span class="box__prime-cost"><span class="for-a11y">원가</span><span class="text__unit-cost">(<!-- -->100mL당 203원<!-- -->)</span></span></span><span class="box__itemcard-info-score"><span class="sprite__smilefresh--before box__score-awards"><span class="for-a11y">평점</span><span class="text text__score">4.6</span><span class="for-a11y">후기</span><span class="text text__num">(139)</span><span class="for-a11y">건</span></span><span class="box__score-buycnt"><span class="text text__buy">구매</span><span class="text text__num">1,505</span><span class="for-a11y">건</span></span></span><span class="box__itemcard-benefit-tag"><span class="box__tag box__tag-coupon"><span class="sprite__smilefresh--before box__inner">15% 쿠폰</span></span></span></a><button type="button" class="sprite__smilefresh--after button__favorite-item" aria-describedby="itemCard_title_3780885033" aria-pressed="false" aria-label="관심상품 등록하기"></button></div></div></div></div></li><li class="list-item"><div class="box__itemcard-container"><div class="box__itemcard-body"><div class="box__itemcard-inner"><span class="box__thumbnail__label">49</span><a class="link__itemcard" href="https://item.gmarket.co.kr/Item?goodscode=2519429853" tabindex="-1" aria-hidden="true"><span class="box__itemcard-img"><img class="image__itemcard no-js-400?ver=1725121110" src="data:image/gif;base64,R0lGODlhAQABAIAAAP///wAAACH5BAEAAAAALAAAAAABAAEAAAICRAEAOw==" alt="노브랜드 콜라1.5L - 상품 이미지"/><noscript><style>.no-js-400?ver=1725121110 { display: none !important; }</style><img class="image__itemcard" src="https://gdimg.gmarket.co.kr/2519429853/still/400?ver=1725121110" alt="노브랜드 콜라1.5L - 상품 이미지"/></noscript></span></a><div class="box__itemcard-info"><div class="box__element-info"><div class="element-info-qty"><button aria-describedby="itemCard_title_2519429853" class="sprite__smilefresh--before element-info-qty-minus" aria-disabled="true"><span class="for-a11y">상품 수 <!-- -->1<!-- --> 감소</span></button><span class="element-info-item-qty" aria-describedby="itemCard_title_2519429853"><span class="for-a11y">선택된 수량</span> <!-- -->1</span><button aria-describedby="itemCard_title_2519429853" class="sprite__smilefresh--before element-info-qty-plus"><span class="for-a11y">상품 수 <!-- -->1<!-- --> 증가</span></button></div><button type="button" class="sprite__smilefresh--before element-info-cart" aria-describedby="itemCard_title_2519429853"><span class="for-a11y">장바구니 담기</span></button></div><a href="https://item.gmarket.co.kr/Item?goodscode=2519429853" class="link__itemcard-info"><span class="box__itemcard-title-area" id="itemCard_title_2519429853"><span class="text__brand"><span class="text">노브랜드</span></span><span class="text__title" id="item_title">노브랜드 콜라1.5L</span></span><span class="box__itemcard-price-area"><span class="box__price-seller"><span class="for-a11y">판매가</span><strong class="text__price-seller">980</strong><span class="text__unit">원</span></span><span class="box__prime-cost"><span class="for-a11y">원가</span><span class="text__unit-cost">(<!-- -->100mL당 65원<!-- -->)</span></span></span><span class="box__itemcard-info-score"><span class="sprite__smilefresh--before box__score-awards"><span class="for-a11y">평점</span><span class="text text__score">4.7</span><span class="for-a11y">후기</span><span class="text text__num">(5,485)</span><span class="for-a11y">건</span></span><span class="box__score-buycnt"><span class="text text__buy">구매</span><span class="text text__num">33,606</span><span class="for-a11y">건</span></span></span></a><button type="button" class="sprite__smilefresh--after button__favorite-item" aria-describedby="itemCard_title_2519429853" aria-pressed="false" aria-label="관심상품 등록하기"></button></div></div></div></div></li><li class="list-item"><div class="box__itemcard-container"><div class="box__itemcard-body"><div class="box__itemcard-inner"><span class="box__thumbnail__label">50</span><a class="link__itemcard" href="https://item.gmarket.co.kr/Item?goodscode=2522396440" tabindex="-1" aria-hidden="true"><span class="box__itemcard-img"><img class="image__itemcard no-js-400?ver=1725101433" src="data:image/gif;base64,R0lGODlhAQABAIAAAP///wAAACH5BAEAAAAALAAAAAABAAEAAAICRAEAOw==" alt="노브랜드 착즙오렌지주스 1L - 상품 이미지"/><noscript><style>.no-js-400?ver=1725101433 { display: none !important; }</style><img class="image__itemcard" src="https://gdimg.gmarket.co.kr/2522396440/still/400?ver=1725101433" alt="노브랜드 착즙오렌지주스 1L - 상품 이미지"/></noscript></span></a><div class="box__itemcard-info"><div class="box__element-info"><div class="element-info-qty"><button aria-describedby="itemCard_title_2522396440" class="sprite__smilefresh--before element-info-qty-minus" aria-disabled="true"><span class="for-a11y">상품 수 <!-- -->1<!-- --> 감소</span></button><span class="element-info-item-qty" aria-describedby="itemCard_title_2522396440"><span class="for-a11y">선택된 수량</span> <!-- -->1</span><button aria-describedby="itemCard_title_2522396440" class="sprite__smilefresh--before element-info-qty-plus"><span class="for-a11y">상품 수 <!-- -->1<!-- --> 증가</span></button></div><button type="button" class="sprite__smilefresh--before element-info-cart" aria-describedby="itemCard_title_2522396440"><span class="for-a11y">장바구니 담기</span></button></div><a href="https://item.gmarket.co.kr/Item?goodscode=2522396440" class="link__itemcard-info"><span class="box__itemcard-title-area" id="itemCard_title_2522396440"><span class="text__brand"><span class="text">노브랜드</span></span><span class="text__title" id="item_title">노브랜드 착즙오렌지주스 1L</span></span><span class="box__itemcard-price-area"><span class="box__price-seller"><span class="for-a11y">판매가</span><strong class="text__price-seller">3,280</strong><span class="text__unit">원</span></span><span class="box__prime-cost"><span class="for-a11y">원가</span><span class="text__unit-cost">(<!-- -->100mL당 328원<!-- -->)</span></span></span><span class="box__itemcard-info-score"><span class="sprite__smilefresh--before box__score-awards"><span class="for-a11y">평점</span><span class="text text__score">4.7</span><span class="for-a11y">후기</span><span class="text text__num">(790)</span><span class="for-a11y">건</span></span><span class="box__score-buycnt"><span class="text text__buy">구매</span><span class="text text__num">3,740</span><span class="for-a11y">건</span></span></span></a><button type="button" class="sprite__smilefresh--after button__favorite-item" aria-describedby="itemCard_title_2522396440" aria-pressed="false" aria-label="관심상품 등록하기"></button></div></div></div></div></li><li class="list-item"><div class="box__itemcard-container"><div class="box__itemcard-body"><div class="box__itemcard-inner"><span class="box__thumbnail__label">51</span><a class="link__itemcard" href="https://item.gmarket.co.kr/Item?goodscode=2522767869" tabindex="-1" aria-hidden="true"><span class="box__itemcard-img"><img class="image__itemcard no-js-400?ver=1725107424" src="data:image/gif;base64,R0lGODlhAQABAIAAAP///wAAACH5BAEAAAAALAAAAAABAAEAAAICRAEAOw==" alt="코카콜라제로 215ml12 - 상품 이미지"/><noscript><style>.no-js-400?ver=1725107424 { display: none !important; }</style><img class="image__itemcard" src="https://gdimg.gmarket.co.kr/2522767869/still/400?ver=1725107424" alt="코카콜라제로 215ml12 - 상품 이미지"/></noscript></span></a><div class="box__itemcard-info"><div class="box__element-info"><div class="element-info-qty"><button aria-describedby="itemCard_title_2522767869" class="sprite__smilefresh--before element-info-qty-minus" aria-disabled="true"><span class="for-a11y">상품 수 <!-- -->1<!-- --> 감소</span></button><span class="element-info-item-qty" aria-describedby="itemCard_title_2522767869"><span class="for-a11y">선택된 수량</span> <!-- -->1</span><button aria-describedby="itemCard_title_2522767869" class="sprite__smilefresh--before element-info-qty-plus"><span class="for-a11y">상품 수 <!-- -->1<!-- --> 증가</span></button></div><button type="button" class="sprite__smilefresh--before element-info-cart" aria-describedby="itemCard_title_2522767869"><span class="for-a11y">장바구니 담기</span></button></div><a href="https://item.gmarket.co.kr/Item?goodscode=2522767869" class="link__itemcard-info"><span class="box__itemcard-title-area" id="itemCard_title_2522767869"><span class="text__brand"><span class="text">코카콜라 제로</span></span><span class="text__title" id="item_title">코카콜라제로 215ml12</span></span><span class="box__itemcard-price-area"><span class="box__price-seller"><span class="for-a11y">판매가</span><strong class="text__price-seller">8,180</strong><span class="text__unit">원</span></span><span class="box__prime-cost"><span class="for-a11y">원가</span><span class="text__unit-cost">(<!-- -->100mL당 317원<!-- -->)</span></span></span><span class="box__itemcard-info-score"><span class="sprite__smilefresh--before box__score-awards"><span class="for-a11y">평점</span><span class="text text__score">4.9</span><span class="for-a11y">후기</span><span class="text text__num">(693)</span><span class="for-a11y">건</span></span><span class="box__score-buycnt"><span class="text text__buy">구매</span><span class="text text__num">3,203</span><span class="for-a11y">건</span></span></span><span class="box__itemcard-benefit-tag"><span class="box__tag box__tag-coupon"><span class="sprite__smilefresh--before box__inner">15% 쿠폰</span></span></span></a><button type="button" class="sprite__smilefresh--after button__favorite-item" aria-describedby="itemCard_title_2522767869" aria-pressed="false" aria-label="관심상품 등록하기"></button></div></div></div></div></li><li class="list-item"><div class="box__itemcard-container"><div class="box__itemcard-body"><div class="box__itemcard-inner"><span class="box__thumbnail__label">52</span><a class="link__itemcard" href="https://item.gmarket.co.kr/Item?goodscode=2519078874" tabindex="-1" aria-hidden="true"><span class="box__itemcard-img"><img class="image__itemcard no-js-400?ver=1725122914" src="data:image/gif;base64,R0lGODlhAQABAIAAAP///wAAACH5BAEAAAAALAAAAAABAAEAAAICRAEAOw==" alt="웅진_누룽지차 1.5L - 상품 이미지"/><noscript><style>.no-js-400?ver=1725122914 { display: none !important; }</style><img class="image__itemcard" src="https://gdimg.gmarket.co.kr/2519078874/still/400?ver=1725122914" alt="웅진_누룽지차 1.5L - 상품 이미지"/></noscript></span></a><div class="box__itemcard-info"><div class="box__element-info"><div class="element-info-qty"><button aria-describedby="itemCard_title_2519078874" class="sprite__smilefresh--before element-info-qty-minus" aria-disabled="true"><span class="for-a11y">상품 수 <!-- -->1<!-- --> 감소</span></button><span class="element-info-item-qty" aria-describedby="itemCard_title_2519078874"><span class="for-a11y">선택된 수량</span> <!-- -->1</span><button aria-describedby="itemCard_title_2519078874" class="sprite__smilefresh--before element-info-qty-plus"><span class="for-a11y">상품 수 <!-- -->1<!-- --> 증가</span></button></div><button type="button" class="sprite__smilefresh--before element-info-cart" aria-describedby="itemCard_title_2519078874"><span class="for-a11y">장바구니 담기</span></button></div><a href="https://item.gmarket.co.kr/Item?goodscode=2519078874" class="link__itemcard-info"><span class="box__itemcard-title-area" id="itemCard_title_2519078874"><span class="text__brand"><span class="text">웅진</span></span><span class="text__title" id="item_title">웅진_누룽지차 1.5L</span></span><span class="box__itemcard-price-area"><span class="box__price-seller"><span class="for-a11y">판매가</span><strong class="text__price-seller">2,080</strong><span class="text__unit">원</span></span><span class="box__prime-cost"><span class="for-a11y">원가</span><span class="text__unit-cost">(<!-- -->100mL당 139원<!-- -->)</span></span></span><span class="box__itemcard-info-score"><span class="sprite__smilefresh--before box__score-awards"><span class="for-a11y">평점</span><span class="text text__score">4.8</span><span class="for-a11y">후기</span><span class="text text__num">(489)</span><span class="for-a11y">건</span></span><span class="box__score-buycnt"><span class="text text__buy">구매</span><span class="text text__num">6,164</span><span class="for-a11y">건</span></span></span><span class="box__itemcard-benefit-tag"><span class="box__tag box__tag-coupon"><span class="sprite__smilefresh--before box__inner">15% 쿠폰</span></span></span></a><button type="button" class="sprite__smilefresh--after button__favorite-item" aria-describedby="itemCard_title_2519078874" aria-pressed="false" aria-label="관심상품 등록하기"></button></div></div></div></div></li><li class="list-item"><div class="box__itemcard-container"><div class="box__itemcard-body"><div class="box__itemcard-inner"><span class="box__thumbnail__label">53</span><a class="link__itemcard" href="https://item.gmarket.co.kr/Item?goodscode=2518525751" tabindex="-1" aria-hidden="true"><span class="box__itemcard-img"><img class="image__itemcard no-js-400?ver=1725106889" src="data:image/gif;base64,R0lGODlhAQABAIAAAP///wAAACH5BAEAAAAALAAAAAABAAEAAAICRAEAOw==" alt="노브랜드 Fresh망고음료1.5L - 상품 이미지"/><noscript><style>.no-js-400?ver=1725106889 { display: none !important; }</style><img class="image__itemcard" src="https://gdimg.gmarket.co.kr/2518525751/still/400?ver=1725106889" alt="노브랜드 Fresh망고음료1.5L - 상품 이미지"/></noscript></span></a><div class="box__itemcard-info"><div class="box__element-info"><div class="element-info-qty"><button aria-describedby="itemCard_title_2518525751" class="sprite__smilefresh--before element-info-qty-minus" aria-disabled="true"><span class="for-a11y">상품 수 <!-- -->1<!-- --> 감소</span></button><span class="element-info-item-qty" aria-describedby="itemCard_title_2518525751"><span class="for-a11y">선택된 수량</span> <!-- -->1</span><button aria-describedby="itemCard_title_2518525751" class="sprite__smilefresh--before element-info-qty-plus"><span class="for-a11y">상품 수 <!-- -->1<!-- --> 증가</span></button></div><button type="button" class="sprite__smilefresh--before element-info-cart" aria-describedby="itemCard_title_2518525751"><span class="for-a11y">장바구니 담기</span></button></div><a href="https://item.gmarket.co.kr/Item?goodscode=2518525751" class="link__itemcard-info"><span class="box__itemcard-title-area" id="itemCard_title_2518525751"><span class="text__title" id="item_title">노브랜드 Fresh망고음료1.5L</span></span><span class="box__itemcard-price-area"><span class="box__price-seller"><span class="for-a11y">판매가</span><strong class="text__price-seller">2,080</strong><span class="text__unit">원</span></span></span><span class="box__itemcard-info-score"><span class="sprite__smilefresh--before box__score-awards"><span class="for-a11y">평점</span><span class="text text__score">4.8</span><span class="for-a11y">후기</span><span class="text text__num">(1,724)</span><span class="for-a11y">건</span></span><span class="box__score-buycnt"><span class="text text__buy">구매</span><span class="text text__num">7,271</span><span class="for-a11y">건</span></span></span></a><button type="button" class="sprite__smilefresh--after button__favorite-item" aria-describedby="itemCard_title_2518525751" aria-pressed="false" aria-label="관심상품 등록하기"></button></div></div></div></div></li><li class="list-item"><div class="box__itemcard-container"><div class="box__itemcard-body"><div class="box__itemcard-inner"><span class="box__thumbnail__label">54</span><a class="link__itemcard" href="https://item.gmarket.co.kr/Item?goodscode=2522388268" tabindex="-1" aria-hidden="true"><span class="box__itemcard-img"><img class="image__itemcard no-js-400?ver=1725101299" src="data:image/gif;base64,R0lGODlhAQABAIAAAP///wAAACH5BAEAAAAALAAAAAABAAEAAAICRAEAOw==" alt="트레비 레몬 300ml20 - 상품 이미지"/><noscript><style>.no-js-400?ver=1725101299 { display: none !important; }</style><img class="image__itemcard" src="https://gdimg.gmarket.co.kr/2522388268/still/400?ver=1725101299" alt="트레비 레몬 300ml20 - 상품 이미지"/></noscript></span></a><div class="box__itemcard-info"><div class="box__element-info"><div class="element-info-qty"><button aria-describedby="itemCard_title_2522388268" class="sprite__smilefresh--before element-info-qty-minus" aria-disabled="true"><span class="for-a11y">상품 수 <!-- -->1<!-- --> 감소</span></button><span class="element-info-item-qty" aria-describedby="itemCard_title_2522388268"><span class="for-a11y">선택된 수량</span> <!-- -->1</span><button aria-describedby="itemCard_title_2522388268" class="sprite__smilefresh--before element-info-qty-plus"><span class="for-a11y">상품 수 <!-- -->1<!-- --> 증가</span></button></div><button type="button" class="sprite__smilefresh--before element-info-cart" aria-describedby="itemCard_title_2522388268"><span class="for-a11y">장바구니 담기</span></button></div><a href="https://item.gmarket.co.kr/Item?goodscode=2522388268" class="link__itemcard-info"><span class="box__itemcard-title-area" id="itemCard_title_2522388268"><span class="text__brand"><span class="text">롯데칠성</span></span><span class="text__title" id="item_title">트레비 레몬 300ml20</span></span><span class="box__itemcard-price-area"><span class="box__price-seller"><span class="for-a11y">판매가</span><strong class="text__price-seller">9,780</strong><span class="text__unit">원</span></span><span class="box__prime-cost"><span class="for-a11y">원가</span><span class="text__unit-cost">(<!-- -->100mL당 163원<!-- -->)</span></span></span><span class="box__itemcard-info-score"><span class="sprite__smilefresh--before box__score-awards"><span class="for-a11y">평점</span><span class="text text__score">4.8</span><span class="for-a11y">후기</span><span class="text text__num">(969)</span><span class="for-a11y">건</span></span><span class="box__score-buycnt"><span class="text text__buy">구매</span><span class="text text__num">3,905</span><span class="for-a11y">건</span></span></span><span class="box__itemcard-benefit-tag"><span class="box__tag box__tag-coupon"><span class="sprite__smilefresh--before box__inner">15% 쿠폰</span></span></span></a><button type="button" class="sprite__smilefresh--after button__favorite-item" aria-describedby="itemCard_title_2522388268" aria-pressed="false" aria-label="관심상품 등록하기"></button></div></div></div></div></li><li class="list-item"><div class="box__itemcard-container"><div class="box__itemcard-body"><div class="box__itemcard-inner"><span class="box__thumbnail__label">55</span><a class="link__itemcard" href="https://item.gmarket.co.kr/Item?goodscode=2518524723" tabindex="-1" aria-hidden="true"><span class="box__itemcard-img"><img class="image__itemcard no-js-400?ver=1725107434" src="data:image/gif;base64,R0lGODlhAQABAIAAAP///wAAACH5BAEAAAAALAAAAAABAAEAAAICRAEAOw==" alt="노브랜드 Fresh토마토음료 1.5L - 상품 이미지"/><noscript><style>.no-js-400?ver=1725107434 { display: none !important; }</style><img class="image__itemcard" src="https://gdimg.gmarket.co.kr/2518524723/still/400?ver=1725107434" alt="노브랜드 Fresh토마토음료 1.5L - 상품 이미지"/></noscript></span></a><div class="box__itemcard-info"><div class="box__element-info"><div class="element-info-qty"><button aria-describedby="itemCard_title_2518524723" class="sprite__smilefresh--before element-info-qty-minus" aria-disabled="true"><span class="for-a11y">상품 수 <!-- -->1<!-- --> 감소</span></button><span class="element-info-item-qty" aria-describedby="itemCard_title_2518524723"><span class="for-a11y">선택된 수량</span> <!-- -->1</span><button aria-describedby="itemCard_title_2518524723" class="sprite__smilefresh--before element-info-qty-plus"><span class="for-a11y">상품 수 <!-- -->1<!-- --> 증가</span></button></div><button type="button" class="sprite__smilefresh--before element-info-cart" aria-describedby="itemCard_title_2518524723"><span class="for-a11y">장바구니 담기</span></button></div><a href="https://item.gmarket.co.kr/Item?goodscode=2518524723" class="link__itemcard-info"><span class="box__itemcard-title-area" id="itemCard_title_2518524723"><span class="text__brand"><span class="text">노브랜드</span></span><span class="text__title" id="item_title">노브랜드 Fresh토마토음료 1.5L</span></span><span class="box__itemcard-price-area"><span class="box__price-seller"><span class="for-a11y">판매가</span><strong class="text__price-seller">1,880</strong><span class="text__unit">원</span></span><span class="box__prime-cost"><span class="for-a11y">원가</span><span class="text__unit-cost">(<!-- -->100mL당 125원<!-- -->)</span></span></span><span class="box__itemcard-info-score"><span class="sprite__smilefresh--before box__score-awards"><span class="for-a11y">평점</span><span class="text text__score">4.7</span><span class="for-a11y">후기</span><span class="text text__num">(2,946)</span><span class="for-a11y">건</span></span><span class="box__score-buycnt"><span class="text text__buy">구매</span><span class="text text__num">10,714</span><span class="for-a11y">건</span></span></span></a><button type="button" class="sprite__smilefresh--after button__favorite-item" aria-describedby="itemCard_title_2518524723" aria-pressed="false" aria-label="관심상품 등록하기"></button></div></div></div></div></li><li class="list-item"><div class="box__itemcard-container"><div class="box__itemcard-body"><div class="box__itemcard-inner"><span class="box__thumbnail__label">56</span><a class="link__itemcard" href="https://item.gmarket.co.kr/Item?goodscode=2518405645" tabindex="-1" aria-hidden="true"><span class="box__itemcard-img"><img class="image__itemcard no-js-400?ver=1725237923" src="data:image/gif;base64,R0lGODlhAQABAIAAAP///wAAACH5BAEAAAAALAAAAAABAAEAAAICRAEAOw==" alt="롯데 게토레이 1.5L - 상품 이미지"/><noscript><style>.no-js-400?ver=1725237923 { display: none !important; }</style><img class="image__itemcard" src="https://gdimg.gmarket.co.kr/2518405645/still/400?ver=1725237923" alt="롯데 게토레이 1.5L - 상품 이미지"/></noscript></span></a><div class="box__itemcard-info"><div class="box__element-info"><div class="element-info-qty"><button aria-describedby="itemCard_title_2518405645" class="sprite__smilefresh--before element-info-qty-minus" aria-disabled="true"><span class="for-a11y">상품 수 <!-- -->1<!-- --> 감소</span></button><span class="element-info-item-qty" aria-describedby="itemCard_title_2518405645"><span class="for-a11y">선택된 수량</span> <!-- -->1</span><button aria-describedby="itemCard_title_2518405645" class="sprite__smilefresh--before element-info-qty-plus"><span class="for-a11y">상품 수 <!-- -->1<!-- --> 증가</span></button></div><button type="button" class="sprite__smilefresh--before element-info-cart" aria-describedby="itemCard_title_2518405645"><span class="for-a11y">장바구니 담기</span></button></div><a href="https://item.gmarket.co.kr/Item?goodscode=2518405645" class="link__itemcard-info"><span class="box__itemcard-title-area" id="itemCard_title_2518405645"><span class="text__brand"><span class="text">게토레이</span></span><span class="text__title" id="item_title">롯데 게토레이 1.5L</span></span><span class="box__itemcard-price-area"><span class="box__price-seller"><span class="for-a11y">판매가</span><strong class="text__price-seller">3,680</strong><span class="text__unit">원</span></span><span class="box__prime-cost"><span class="for-a11y">원가</span><span class="text__unit-cost">(<!-- -->100mL당 245원<!-- -->)</span></span></span><span class="box__itemcard-info-score"><span class="sprite__smilefresh--before box__score-awards"><span class="for-a11y">평점</span><span class="text text__score">4.8</span><span class="for-a11y">후기</span><span class="text text__num">(1,086)</span><span class="for-a11y">건</span></span><span class="box__score-buycnt"><span class="text text__buy">구매</span><span class="text text__num">6,327</span><span class="for-a11y">건</span></span></span><span class="box__itemcard-benefit-tag"><span class="box__tag box__tag-coupon"><span class="sprite__smilefresh--before box__inner">15% 쿠폰</span></span></span></a><button type="button" class="sprite__smilefresh--after button__favorite-item" aria-describedby="itemCard_title_2518405645" aria-pressed="false" aria-label="관심상품 등록하기"></button></div></div></div></div></li><li class="list-item"><div class="box__itemcard-container"><div class="box__itemcard-body"><div class="box__itemcard-inner"><span class="box__thumbnail__label">57</span><a class="link__itemcard" href="https://item.gmarket.co.kr/Item?goodscode=2522741181" tabindex="-1" aria-hidden="true"><span class="box__itemcard-img"><img class="image__itemcard no-js-400?ver=1725107429" src="data:image/gif;base64,R0lGODlhAQABAIAAAP///wAAACH5BAEAAAAALAAAAAABAAEAAAICRAEAOw==" alt="웅진_티즐 제로 피치우롱티500mL - 상품 이미지"/><noscript><style>.no-js-400?ver=1725107429 { display: none !important; }</style><img class="image__itemcard" src="https://gdimg.gmarket.co.kr/2522741181/still/400?ver=1725107429" alt="웅진_티즐 제로 피치우롱티500mL - 상품 이미지"/></noscript></span></a><div class="box__itemcard-info"><div class="box__element-info"><div class="element-info-qty"><button aria-describedby="itemCard_title_2522741181" class="sprite__smilefresh--before element-info-qty-minus" aria-disabled="true"><span class="for-a11y">상품 수 <!-- -->1<!-- --> 감소</span></button><span class="element-info-item-qty" aria-describedby="itemCard_title_2522741181"><span class="for-a11y">선택된 수량</span> <!-- -->1</span><button aria-describedby="itemCard_title_2522741181" class="sprite__smilefresh--before element-info-qty-plus"><span class="for-a11y">상품 수 <!-- -->1<!-- --> 증가</span></button></div><button type="button" class="sprite__smilefresh--before element-info-cart" aria-describedby="itemCard_title_2522741181"><span class="for-a11y">장바구니 담기</span></button></div><a href="https://item.gmarket.co.kr/Item?goodscode=2522741181" class="link__itemcard-info"><span class="box__itemcard-title-area" id="itemCard_title_2522741181"><span class="text__brand"><span class="text">웅진</span></span><span class="text__title" id="item_title">웅진_티즐 제로 피치우롱티500mL</span></span><span class="box__itemcard-price-area"><span class="box__price-seller"><span class="for-a11y">판매가</span><strong class="text__price-seller">1,600</strong><span class="text__unit">원</span></span></span><span class="box__itemcard-info-score"><span class="sprite__smilefresh--before box__score-awards"><span class="for-a11y">평점</span><span class="text text__score">4.7</span><span class="for-a11y">후기</span><span class="text text__num">(1,215)</span><span class="for-a11y">건</span></span><span class="box__score-buycnt"><span class="text text__buy">구매</span><span class="text text__num">10,383</span><span class="for-a11y">건</span></span></span><span class="box__itemcard-benefit-tag"><span class="box__tag box__tag-coupon"><span class="sprite__smilefresh--before box__inner">15% 쿠폰</span></span></span></a><button type="button" class="sprite__smilefresh--after button__favorite-item" aria-describedby="itemCard_title_2522741181" aria-pressed="false" aria-label="관심상품 등록하기"></button></div></div></div></div></li><li class="list-item"><div class="box__itemcard-container"><div class="box__itemcard-body"><div class="box__itemcard-inner"><span class="box__thumbnail__label">58</span><a class="link__itemcard" href="https://item.gmarket.co.kr/Item?goodscode=2522374838" tabindex="-1" aria-hidden="true"><span class="box__itemcard-img"><img class="image__itemcard no-js-400?ver=1725101424" src="data:image/gif;base64,R0lGODlhAQABAIAAAP///wAAACH5BAEAAAAALAAAAAABAAEAAAICRAEAOw==" alt="코카콜라 300ml12PET - 상품 이미지"/><noscript><style>.no-js-400?ver=1725101424 { display: none !important; }</style><img class="image__itemcard" src="https://gdimg.gmarket.co.kr/2522374838/still/400?ver=1725101424" alt="코카콜라 300ml12PET - 상품 이미지"/></noscript></span></a><div class="box__itemcard-info"><div class="box__element-info"><div class="element-info-qty"><button aria-describedby="itemCard_title_2522374838" class="sprite__smilefresh--before element-info-qty-minus" aria-disabled="true"><span class="for-a11y">상품 수 <!-- -->1<!-- --> 감소</span></button><span class="element-info-item-qty" aria-describedby="itemCard_title_2522374838"><span class="for-a11y">선택된 수량</span> <!-- -->1</span><button aria-describedby="itemCard_title_2522374838" class="sprite__smilefresh--before element-info-qty-plus"><span class="for-a11y">상품 수 <!-- -->1<!-- --> 증가</span></button></div><button type="button" class="sprite__smilefresh--before element-info-cart" aria-describedby="itemCard_title_2522374838"><span class="for-a11y">장바구니 담기</span></button></div><a href="https://item.gmarket.co.kr/Item?goodscode=2522374838" class="link__itemcard-info"><span class="box__itemcard-title-area" id="itemCard_title_2522374838"><span class="text__brand"><span class="text">코카콜라</span></span><span class="text__title" id="item_title">코카콜라 300ml12PET</span></span><span class="box__itemcard-price-area"><span class="box__price-seller"><span class="for-a11y">판매가</span><strong class="text__price-seller">10,980</strong><span class="text__unit">원</span></span><span class="box__prime-cost"><span class="for-a11y">원가</span><span class="text__unit-cost">(<!-- -->100mL당 305원<!-- -->)</span></span></span><span class="box__itemcard-info-score"><span class="sprite__smilefresh--before box__score-awards"><span class="for-a11y">평점</span><span class="text text__score">4.7</span><span class="for-a11y">후기</span><span class="text text__num">(461)</span><span class="for-a11y">건</span></span><span class="box__score-buycnt"><span class="text text__buy">구매</span><span class="text text__num">1,998</span><span class="for-a11y">건</span></span></span><span class="box__itemcard-benefit-tag"><span class="box__tag box__tag-coupon"><span class="sprite__smilefresh--before box__inner">15% 쿠폰</span></span></span></a><button type="button" class="sprite__smilefresh--after button__favorite-item" aria-describedby="itemCard_title_2522374838" aria-pressed="false" aria-label="관심상품 등록하기"></button></div></div></div></div></li><li class="list-item"><div class="box__itemcard-container"><div class="box__itemcard-body"><div class="box__itemcard-inner"><span class="box__thumbnail__label">59</span><a class="link__itemcard" href="https://item.gmarket.co.kr/Item?goodscode=2523345443" tabindex="-1" aria-hidden="true"><span class="box__itemcard-img"><img class="image__itemcard no-js-400?ver=1725100087" src="data:image/gif;base64,R0lGODlhAQABAIAAAP///wAAACH5BAEAAAAALAAAAAABAAEAAAICRAEAOw==" alt="노브랜드 식혜 음료 238ml12 - 상품 이미지"/><noscript><style>.no-js-400?ver=1725100087 { display: none !important; }</style><img class="image__itemcard" src="https://gdimg.gmarket.co.kr/2523345443/still/400?ver=1725100087" alt="노브랜드 식혜 음료 238ml12 - 상품 이미지"/></noscript></span></a><div class="box__itemcard-info"><div class="box__element-info"><div class="element-info-qty"><button aria-describedby="itemCard_title_2523345443" class="sprite__smilefresh--before element-info-qty-minus" aria-disabled="true"><span class="for-a11y">상품 수 <!-- -->1<!-- --> 감소</span></button><span class="element-info-item-qty" aria-describedby="itemCard_title_2523345443"><span class="for-a11y">선택된 수량</span> <!-- -->1</span><button aria-describedby="itemCard_title_2523345443" class="sprite__smilefresh--before element-info-qty-plus"><span class="for-a11y">상품 수 <!-- -->1<!-- --> 증가</span></button></div><button type="button" class="sprite__smilefresh--before element-info-cart" aria-describedby="itemCard_title_2523345443"><span class="for-a11y">장바구니 담기</span></button></div><a href="https://item.gmarket.co.kr/Item?goodscode=2523345443" class="link__itemcard-info"><span class="box__itemcard-title-area" id="itemCard_title_2523345443"><span class="text__brand"><span class="text">노브랜드</span></span><span class="text__title" id="item_title">노브랜드 식혜 음료 238ml12</span></span><span class="box__itemcard-price-area"><span class="box__price-seller"><span class="for-a11y">판매가</span><strong class="text__price-seller">5,980</strong><span class="text__unit">원</span></span><span class="box__prime-cost"><span class="for-a11y">원가</span><span class="text__unit-cost">(<!-- -->100mL당 209원<!-- -->)</span></span></span><span class="box__itemcard-info-score"><span class="sprite__smilefresh--before box__score-awards"><span class="for-a11y">평점</span><span class="text text__score">4.8</span><span class="for-a11y">후기</span><span class="text text__num">(1,431)</span><span class="for-a11y">건</span></span><span class="box__score-buycnt"><span class="text text__buy">구매</span><span class="text text__num">4,098</span><span class="for-a11y">건</span></span></span></a><button type="button" class="sprite__smilefresh--after button__favorite-item" aria-describedby="itemCard_title_2523345443" aria-pressed="false" aria-label="관심상품 등록하기"></button></div></div></div></div></li><li class="list-item"><div class="box__itemcard-container"><div class="box__itemcard-body"><div class="box__itemcard-inner"><span class="box__thumbnail__label">60</span><a class="link__itemcard" href="https://item.gmarket.co.kr/Item?goodscode=2542742687" tabindex="-1" aria-hidden="true"><span class="box__itemcard-img"><img class="image__itemcard no-js-400?ver=1725126685" src="data:image/gif;base64,R0lGODlhAQABAIAAAP///wAAACH5BAEAAAAALAAAAAABAAEAAAICRAEAOw==" alt="자연주의 유기농 식혜 1.8L - 상품 이미지"/><noscript><style>.no-js-400?ver=1725126685 { display: none !important; }</style><img class="image__itemcard" src="https://gdimg.gmarket.co.kr/2542742687/still/400?ver=1725126685" alt="자연주의 유기농 식혜 1.8L - 상품 이미지"/></noscript></span></a><div class="box__itemcard-info"><div class="box__element-info"><div class="element-info-qty"><button aria-describedby="itemCard_title_2542742687" class="sprite__smilefresh--before element-info-qty-minus" aria-disabled="true"><span class="for-a11y">상품 수 <!-- -->1<!-- --> 감소</span></button><span class="element-info-item-qty" aria-describedby="itemCard_title_2542742687"><span class="for-a11y">선택된 수량</span> <!-- -->1</span><button aria-describedby="itemCard_title_2542742687" class="sprite__smilefresh--before element-info-qty-plus"><span class="for-a11y">상품 수 <!-- -->1<!-- --> 증가</span></button></div><button type="button" class="sprite__smilefresh--before element-info-cart" aria-describedby="itemCard_title_2542742687"><span class="for-a11y">장바구니 담기</span></button></div><a href="https://item.gmarket.co.kr/Item?goodscode=2542742687" class="link__itemcard-info"><span class="box__itemcard-title-area" id="itemCard_title_2542742687"><span class="text__brand"><span class="text">자연주의</span></span><span class="text__title" id="item_title">자연주의 유기농 식혜 1.8L</span></span><span class="box__itemcard-price-area"><span class="box__price-seller"><span class="for-a11y">판매가</span><strong class="text__price-seller">5,980</strong><span class="text__unit">원</span></span><span class="box__prime-cost"><span class="for-a11y">원가</span><strong class="text__dc-rate">25<!-- -->%</strong><span class="text__prime-cost">7,980<span class="text__unit">원</span></span><span class="text__unit-cost">(<!-- -->100mL당 332원<!-- -->)</span></span></span><span class="box__itemcard-info-score"><span class="sprite__smilefresh--before box__score-awards"><span class="for-a11y">평점</span><span class="text text__score">4.8</span><span class="for-a11y">후기</span><span class="text text__num">(384)</span><span class="for-a11y">건</span></span><span class="box__score-buycnt"><span class="text text__buy">구매</span><span class="text text__num">1,321</span><span class="for-a11y">건</span></span></span><span class="box__itemcard-benefit-tag"><span class="box__tag box__tag-coupon"><span class="sprite__smilefresh--before box__inner">15% 쿠폰</span></span></span></a><button type="button" class="sprite__smilefresh--after button__favorite-item" aria-describedby="itemCard_title_2542742687" aria-pressed="false" aria-label="관심상품 등록하기"></button></div></div></div></div></li><li class="list-item"><div class="box__itemcard-container"><div class="box__itemcard-body"><div class="box__itemcard-inner"><span class="box__thumbnail__label">61</span><a class="link__itemcard" href="https://item.gmarket.co.kr/Item?goodscode=2519049001" tabindex="-1" aria-hidden="true"><span class="box__itemcard-img"><img class="image__itemcard no-js-400?ver=1725120397" src="data:image/gif;base64,R0lGODlhAQABAIAAAP///wAAACH5BAEAAAAALAAAAAABAAEAAAICRAEAOw==" alt="팔도 비락식혜 1.5L - 상품 이미지"/><noscript><style>.no-js-400?ver=1725120397 { display: none !important; }</style><img class="image__itemcard" src="https://gdimg.gmarket.co.kr/2519049001/still/400?ver=1725120397" alt="팔도 비락식혜 1.5L - 상품 이미지"/></noscript></span></a><div class="box__itemcard-info"><div class="box__element-info"><div class="element-info-qty"><button aria-describedby="itemCard_title_2519049001" class="sprite__smilefresh--before element-info-qty-minus" aria-disabled="true"><span class="for-a11y">상품 수 <!-- -->1<!-- --> 감소</span></button><span class="element-info-item-qty" aria-describedby="itemCard_title_2519049001"><span class="for-a11y">선택된 수량</span> <!-- -->1</span><button aria-describedby="itemCard_title_2519049001" class="sprite__smilefresh--before element-info-qty-plus"><span class="for-a11y">상품 수 <!-- -->1<!-- --> 증가</span></button></div><button type="button" class="sprite__smilefresh--before element-info-cart" aria-describedby="itemCard_title_2519049001"><span class="for-a11y">장바구니 담기</span></button></div><a href="https://item.gmarket.co.kr/Item?goodscode=2519049001" class="link__itemcard-info"><span class="box__itemcard-title-area" id="itemCard_title_2519049001"><span class="text__brand"><span class="text">팔도</span></span><span class="text__title" id="item_title">팔도 비락식혜 1.5L</span></span><span class="box__itemcard-price-area"><span class="box__price-seller"><span class="for-a11y">판매가</span><strong class="text__price-seller">2,980</strong><span class="text__unit">원</span></span><span class="box__prime-cost"><span class="for-a11y">원가</span><span class="text__unit-cost">(<!-- -->100mL당 199원<!-- -->)</span></span></span><span class="box__itemcard-info-score"><span class="sprite__smilefresh--before box__score-awards"><span class="for-a11y">평점</span><span class="text text__score">4.8</span><span class="for-a11y">후기</span><span class="text text__num">(908)</span><span class="for-a11y">건</span></span><span class="box__score-buycnt"><span class="text text__buy">구매</span><span class="text text__num">3,329</span><span class="for-a11y">건</span></span></span><span class="box__itemcard-benefit-tag"><span class="box__tag box__tag-coupon"><span class="sprite__smilefresh--before box__inner">15% 쿠폰</span></span></span></a><button type="button" class="sprite__smilefresh--after button__favorite-item" aria-describedby="itemCard_title_2519049001" aria-pressed="false" aria-label="관심상품 등록하기"></button></div></div></div></div></li><li class="list-item"><div class="box__itemcard-container"><div class="box__itemcard-body"><div class="box__itemcard-inner"><span class="box__thumbnail__label">62</span><a class="link__itemcard" href="https://item.gmarket.co.kr/Item?goodscode=2522380747" tabindex="-1" aria-hidden="true"><span class="box__itemcard-img"><img class="image__itemcard no-js-400?ver=1725101293" src="data:image/gif;base64,R0lGODlhAQABAIAAAP///wAAACH5BAEAAAAALAAAAAABAAEAAAICRAEAOw==" alt="트레비 플레인300ml20입 - 상품 이미지"/><noscript><style>.no-js-400?ver=1725101293 { display: none !important; }</style><img class="image__itemcard" src="https://gdimg.gmarket.co.kr/2522380747/still/400?ver=1725101293" alt="트레비 플레인300ml20입 - 상품 이미지"/></noscript></span></a><div class="box__itemcard-info"><div class="box__element-info"><div class="element-info-qty"><button aria-describedby="itemCard_title_2522380747" class="sprite__smilefresh--before element-info-qty-minus" aria-disabled="true"><span class="for-a11y">상품 수 <!-- -->1<!-- --> 감소</span></button><span class="element-info-item-qty" aria-describedby="itemCard_title_2522380747"><span class="for-a11y">선택된 수량</span> <!-- -->1</span><button aria-describedby="itemCard_title_2522380747" class="sprite__smilefresh--before element-info-qty-plus"><span class="for-a11y">상품 수 <!-- -->1<!-- --> 증가</span></button></div><button type="button" class="sprite__smilefresh--before element-info-cart" aria-describedby="itemCard_title_2522380747"><span class="for-a11y">장바구니 담기</span></button></div><a href="https://item.gmarket.co.kr/Item?goodscode=2522380747" class="link__itemcard-info"><span class="box__itemcard-title-area" id="itemCard_title_2522380747"><span class="text__brand"><span class="text">롯데칠성</span></span><span class="text__title" id="item_title">트레비 플레인300ml20입</span></span><span class="box__itemcard-price-area"><span class="box__price-seller"><span class="for-a11y">판매가</span><strong class="text__price-seller">9,780</strong><span class="text__unit">원</span></span><span class="box__prime-cost"><span class="for-a11y">원가</span><span class="text__unit-cost">(<!-- -->100mL당 163원<!-- -->)</span></span></span><span class="box__itemcard-info-score"><span class="sprite__smilefresh--before box__score-awards"><span class="for-a11y">평점</span><span class="text text__score">4.8</span><span class="for-a11y">후기</span><span class="text text__num">(545)</span><span class="for-a11y">건</span></span><span class="box__score-buycnt"><span class="text text__buy">구매</span><span class="text text__num">2,132</span><span class="for-a11y">건</span></span></span><span class="box__itemcard-benefit-tag"><span class="box__tag box__tag-coupon"><span class="sprite__smilefresh--before box__inner">15% 쿠폰</span></span></span></a><button type="button" class="sprite__smilefresh--after button__favorite-item" aria-describedby="itemCard_title_2522380747" aria-pressed="false" aria-label="관심상품 등록하기"></button></div></div></div></div></li><li class="list-item"><div class="box__itemcard-container"><div class="box__itemcard-body"><div class="box__itemcard-inner"><span class="box__thumbnail__label">63</span><a class="link__itemcard" href="https://item.gmarket.co.kr/Item?goodscode=4063883441" tabindex="-1" aria-hidden="true"><span class="box__itemcard-img"><img class="image__itemcard no-js-400?ver=1725512891" src="data:image/gif;base64,R0lGODlhAQABAIAAAP///wAAACH5BAEAAAAALAAAAAABAAEAAAICRAEAOw==" alt="칠성사이다 1L2입 - 상품 이미지"/><noscript><style>.no-js-400?ver=1725512891 { display: none !important; }</style><img class="image__itemcard" src="https://gdimg.gmarket.co.kr/4063883441/still/400?ver=1725512891" alt="칠성사이다 1L2입 - 상품 이미지"/></noscript></span></a><div class="box__itemcard-info"><div class="box__element-info"><div class="element-info-qty"><button aria-describedby="itemCard_title_4063883441" class="sprite__smilefresh--before element-info-qty-minus" aria-disabled="true"><span class="for-a11y">상품 수 <!-- -->1<!-- --> 감소</span></button><span class="element-info-item-qty" aria-describedby="itemCard_title_4063883441"><span class="for-a11y">선택된 수량</span> <!-- -->1</span><button aria-describedby="itemCard_title_4063883441" class="sprite__smilefresh--before element-info-qty-plus"><span class="for-a11y">상품 수 <!-- -->1<!-- --> 증가</span></button></div><button type="button" class="sprite__smilefresh--before element-info-cart" aria-describedby="itemCard_title_4063883441"><span class="for-a11y">장바구니 담기</span></button></div><a href="https://item.gmarket.co.kr/Item?goodscode=4063883441" class="link__itemcard-info"><span class="box__itemcard-title-area" id="itemCard_title_4063883441"><span class="text__title" id="item_title">칠성사이다 1L2입</span></span><span class="box__itemcard-price-area"><span class="box__price-seller"><span class="for-a11y">판매가</span><strong class="text__price-seller">2,580</strong><span class="text__unit">원</span></span></span><span class="box__itemcard-info-score"><span class="sprite__smilefresh--before box__score-awards"><span class="for-a11y">평점</span><span class="text text__score">4.7</span><span class="for-a11y">후기</span><span class="text text__num">(78)</span><span class="for-a11y">건</span></span><span class="box__score-buycnt"><span class="text text__buy">구매</span><span class="text text__num">364</span><span class="for-a11y">건</span></span></span><span class="box__itemcard-benefit-tag"><span class="box__tag box__tag-coupon"><span class="sprite__smilefresh--before box__inner">15% 쿠폰</span></span></span></a><button type="button" class="sprite__smilefresh--after button__favorite-item" aria-describedby="itemCard_title_4063883441" aria-pressed="false" aria-label="관심상품 등록하기"></button></div></div></div></div></li><li class="list-item"><div class="box__itemcard-container"><div class="box__itemcard-body"><div class="box__itemcard-inner"><span class="box__thumbnail__label">64</span><a class="link__itemcard" href="https://item.gmarket.co.kr/Item?goodscode=2523127987" tabindex="-1" aria-hidden="true"><span class="box__itemcard-img"><img class="image__itemcard no-js-400?ver=1725100162" src="data:image/gif;base64,R0lGODlhAQABAIAAAP///wAAACH5BAEAAAAALAAAAAABAAEAAAICRAEAOw==" alt="트레비 라임 300ml20입 - 상품 이미지"/><noscript><style>.no-js-400?ver=1725100162 { display: none !important; }</style><img class="image__itemcard" src="https://gdimg.gmarket.co.kr/2523127987/still/400?ver=1725100162" alt="트레비 라임 300ml20입 - 상품 이미지"/></noscript></span></a><div class="box__itemcard-info"><div class="box__element-info"><div class="element-info-qty"><button aria-describedby="itemCard_title_2523127987" class="sprite__smilefresh--before element-info-qty-minus" aria-disabled="true"><span class="for-a11y">상품 수 <!-- -->1<!-- --> 감소</span></button><span class="element-info-item-qty" aria-describedby="itemCard_title_2523127987"><span class="for-a11y">선택된 수량</span> <!-- -->1</span><button aria-describedby="itemCard_title_2523127987" class="sprite__smilefresh--before element-info-qty-plus"><span class="for-a11y">상품 수 <!-- -->1<!-- --> 증가</span></button></div><button type="button" class="sprite__smilefresh--before element-info-cart" aria-describedby="itemCard_title_2523127987"><span class="for-a11y">장바구니 담기</span></button></div><a href="https://item.gmarket.co.kr/Item?goodscode=2523127987" class="link__itemcard-info"><span class="box__itemcard-title-area" id="itemCard_title_2523127987"><span class="text__brand"><span class="text">롯데칠성</span></span><span class="text__title" id="item_title">트레비 라임 300ml20입</span></span><span class="box__itemcard-price-area"><span class="box__price-seller"><span class="for-a11y">판매가</span><strong class="text__price-seller">9,780</strong><span class="text__unit">원</span></span><span class="box__prime-cost"><span class="for-a11y">원가</span><span class="text__unit-cost">(<!-- -->100mL당 163원<!-- -->)</span></span></span><span class="box__itemcard-info-score"><span class="sprite__smilefresh--before box__score-awards"><span class="for-a11y">평점</span><span class="text text__score">4.7</span><span class="for-a11y">후기</span><span class="text text__num">(839)</span><span class="for-a11y">건</span></span><span class="box__score-buycnt"><span class="text text__buy">구매</span><span class="text text__num">3,391</span><span class="for-a11y">건</span></span></span><span class="box__itemcard-benefit-tag"><span class="box__tag box__tag-coupon"><span class="sprite__smilefresh--before box__inner">15% 쿠폰</span></span></span></a><button type="button" class="sprite__smilefresh--after button__favorite-item" aria-describedby="itemCard_title_2523127987" aria-pressed="false" aria-label="관심상품 등록하기"></button></div></div></div></div></li><li class="list-item"><div class="box__itemcard-container"><div class="box__itemcard-body"><div class="box__itemcard-inner"><span class="box__thumbnail__label">65</span><a class="link__itemcard" href="https://item.gmarket.co.kr/Item?goodscode=2965416117" tabindex="-1" aria-hidden="true"><span class="box__itemcard-img"><img class="image__itemcard no-js-400?ver=1725130823" src="data:image/gif;base64,R0lGODlhAQABAIAAAP///wAAACH5BAEAAAAALAAAAAABAAEAAAICRAEAOw==" alt="미에로화이바 1.2L - 상품 이미지"/><noscript><style>.no-js-400?ver=1725130823 { display: none !important; }</style><img class="image__itemcard" src="https://gdimg.gmarket.co.kr/2965416117/still/400?ver=1725130823" alt="미에로화이바 1.2L - 상품 이미지"/></noscript></span></a><div class="box__itemcard-info"><div class="box__element-info"><div class="element-info-qty"><button aria-describedby="itemCard_title_2965416117" class="sprite__smilefresh--before element-info-qty-minus" aria-disabled="true"><span class="for-a11y">상품 수 <!-- -->1<!-- --> 감소</span></button><span class="element-info-item-qty" aria-describedby="itemCard_title_2965416117"><span class="for-a11y">선택된 수량</span> <!-- -->1</span><button aria-describedby="itemCard_title_2965416117" class="sprite__smilefresh--before element-info-qty-plus"><span class="for-a11y">상품 수 <!-- -->1<!-- --> 증가</span></button></div><button type="button" class="sprite__smilefresh--before element-info-cart" aria-describedby="itemCard_title_2965416117"><span class="for-a11y">장바구니 담기</span></button></div><a href="https://item.gmarket.co.kr/Item?goodscode=2965416117" class="link__itemcard-info"><span class="box__itemcard-title-area" id="itemCard_title_2965416117"><span class="text__brand"><span class="text">미에로화이바</span></span><span class="text__title" id="item_title">미에로화이바 1.2L</span></span><span class="box__itemcard-price-area"><span class="box__price-seller"><span class="for-a11y">판매가</span><strong class="text__price-seller">3,480</strong><span class="text__unit">원</span></span></span><span class="box__itemcard-info-score"><span class="sprite__smilefresh--before box__score-awards"><span class="for-a11y">평점</span><span class="text text__score">4.8</span><span class="for-a11y">후기</span><span class="text text__num">(790)</span><span class="for-a11y">건</span></span><span class="box__score-buycnt"><span class="text text__buy">구매</span><span class="text text__num">4,641</span><span class="for-a11y">건</span></span></span><span class="box__itemcard-benefit-tag"><span class="box__tag box__tag-coupon"><span class="sprite__smilefresh--before box__inner">15% 쿠폰</span></span></span></a><button type="button" class="sprite__smilefresh--after button__favorite-item" aria-describedby="itemCard_title_2965416117" aria-pressed="false" aria-label="관심상품 등록하기"></button></div></div></div></div></li><li class="list-item"><div class="box__itemcard-container"><div class="box__itemcard-body"><div class="box__itemcard-inner"><span class="box__thumbnail__label">66</span><a class="link__itemcard" href="https://item.gmarket.co.kr/Item?goodscode=2518525438" tabindex="-1" aria-hidden="true"><span class="box__itemcard-img"><img class="image__itemcard no-js-400?ver=1725107434" src="data:image/gif;base64,R0lGODlhAQABAIAAAP///wAAACH5BAEAAAAALAAAAAABAAEAAAICRAEAOw==" alt="노브랜드 Fresh알로에음료1.5L - 상품 이미지"/><noscript><style>.no-js-400?ver=1725107434 { display: none !important; }</style><img class="image__itemcard" src="https://gdimg.gmarket.co.kr/2518525438/still/400?ver=1725107434" alt="노브랜드 Fresh알로에음료1.5L - 상품 이미지"/></noscript></span></a><div class="box__itemcard-info"><div class="box__element-info"><div class="element-info-qty"><button aria-describedby="itemCard_title_2518525438" class="sprite__smilefresh--before element-info-qty-minus" aria-disabled="true"><span class="for-a11y">상품 수 <!-- -->1<!-- --> 감소</span></button><span class="element-info-item-qty" aria-describedby="itemCard_title_2518525438"><span class="for-a11y">선택된 수량</span> <!-- -->1</span><button aria-describedby="itemCard_title_2518525438" class="sprite__smilefresh--before element-info-qty-plus"><span class="for-a11y">상품 수 <!-- -->1<!-- --> 증가</span></button></div><button type="button" class="sprite__smilefresh--before element-info-cart" aria-describedby="itemCard_title_2518525438"><span class="for-a11y">장바구니 담기</span></button></div><a href="https://item.gmarket.co.kr/Item?goodscode=2518525438" class="link__itemcard-info"><span class="box__itemcard-title-area" id="itemCard_title_2518525438"><span class="text__brand"><span class="text">노브랜드</span></span><span class="text__title" id="item_title">노브랜드 Fresh알로에음료1.5L</span></span><span class="box__itemcard-price-area"><span class="box__price-seller"><span class="for-a11y">판매가</span><strong class="text__price-seller">1,880</strong><span class="text__unit">원</span></span><span class="box__prime-cost"><span class="for-a11y">원가</span><span class="text__unit-cost">(<!-- -->100mL당 125원<!-- -->)</span></span></span><span class="box__itemcard-info-score"><span class="sprite__smilefresh--before box__score-awards"><span class="for-a11y">평점</span><span class="text text__score">4.8</span><span class="for-a11y">후기</span><span class="text text__num">(2,238)</span><span class="for-a11y">건</span></span><span class="box__score-buycnt"><span class="text text__buy">구매</span><span class="text text__num">10,140</span><span class="for-a11y">건</span></span></span></a><button type="button" class="sprite__smilefresh--after button__favorite-item" aria-describedby="itemCard_title_2518525438" aria-pressed="false" aria-label="관심상품 등록하기"></button></div></div></div></div></li><li class="list-item"><div class="box__itemcard-container"><div class="box__itemcard-body"><div class="box__itemcard-inner"><span class="box__thumbnail__label">67</span><a class="link__itemcard" href="https://item.gmarket.co.kr/Item?goodscode=2993965471" tabindex="-1" aria-hidden="true"><span class="box__itemcard-img"><img class="image__itemcard no-js-400?ver=1725132622" src="data:image/gif;base64,R0lGODlhAQABAIAAAP///wAAACH5BAEAAAAALAAAAAABAAEAAAICRAEAOw==" alt="비타500 제로 100ml 10입 - 상품 이미지"/><noscript><style>.no-js-400?ver=1725132622 { display: none !important; }</style><img class="image__itemcard" src="https://gdimg.gmarket.co.kr/2993965471/still/400?ver=1725132622" alt="비타500 제로 100ml 10입 - 상품 이미지"/></noscript></span></a><div class="box__itemcard-info"><div class="box__element-info"><div class="element-info-qty"><button aria-describedby="itemCard_title_2993965471" class="sprite__smilefresh--before element-info-qty-minus" aria-disabled="true"><span class="for-a11y">상품 수 <!-- -->1<!-- --> 감소</span></button><span class="element-info-item-qty" aria-describedby="itemCard_title_2993965471"><span class="for-a11y">선택된 수량</span> <!-- -->1</span><button aria-describedby="itemCard_title_2993965471" class="sprite__smilefresh--before element-info-qty-plus"><span class="for-a11y">상품 수 <!-- -->1<!-- --> 증가</span></button></div><button type="button" class="sprite__smilefresh--before element-info-cart" aria-describedby="itemCard_title_2993965471"><span class="for-a11y">장바구니 담기</span></button></div><a href="https://item.gmarket.co.kr/Item?goodscode=2993965471" class="link__itemcard-info"><span class="box__itemcard-title-area" id="itemCard_title_2993965471"><span class="text__title" id="item_title">비타500 제로 100ml 10입</span></span><span class="box__itemcard-price-area"><span class="box__price-seller"><span class="for-a11y">판매가</span><strong class="text__price-seller">8,980</strong><span class="text__unit">원</span></span></span><span class="box__itemcard-info-score"><span class="sprite__smilefresh--before box__score-awards"><span class="for-a11y">평점</span><span class="text text__score">4.8</span><span class="for-a11y">후기</span><span class="text text__num">(583)</span><span class="for-a11y">건</span></span><span class="box__score-buycnt"><span class="text text__buy">구매</span><span class="text text__num">2,489</span><span class="for-a11y">건</span></span></span><span class="box__itemcard-benefit-tag"><span class="box__tag box__tag-coupon"><span class="sprite__smilefresh--before box__inner">15% 쿠폰</span></span></span></a><button type="button" class="sprite__smilefresh--after button__favorite-item" aria-describedby="itemCard_title_2993965471" aria-pressed="false" aria-label="관심상품 등록하기"></button></div></div></div></div></li><li class="list-item"><div class="box__itemcard-container"><div class="box__itemcard-body"><div class="box__itemcard-inner"><span class="box__thumbnail__label">68</span><a class="link__itemcard" href="https://item.gmarket.co.kr/Item?goodscode=2826908187" tabindex="-1" aria-hidden="true"><span class="box__itemcard-img"><img class="image__itemcard no-js-400?ver=1725127406" src="data:image/gif;base64,R0lGODlhAQABAIAAAP///wAAACH5BAEAAAAALAAAAAABAAEAAAICRAEAOw==" alt="노브랜드 스파클링 오렌지망고 1L - 상품 이미지"/><noscript><style>.no-js-400?ver=1725127406 { display: none !important; }</style><img class="image__itemcard" src="https://gdimg.gmarket.co.kr/2826908187/still/400?ver=1725127406" alt="노브랜드 스파클링 오렌지망고 1L - 상품 이미지"/></noscript></span></a><div class="box__itemcard-info"><div class="box__element-info"><div class="element-info-qty"><button aria-describedby="itemCard_title_2826908187" class="sprite__smilefresh--before element-info-qty-minus" aria-disabled="true"><span class="for-a11y">상품 수 <!-- -->1<!-- --> 감소</span></button><span class="element-info-item-qty" aria-describedby="itemCard_title_2826908187"><span class="for-a11y">선택된 수량</span> <!-- -->1</span><button aria-describedby="itemCard_title_2826908187" class="sprite__smilefresh--before element-info-qty-plus"><span class="for-a11y">상품 수 <!-- -->1<!-- --> 증가</span></button></div><button type="button" class="sprite__smilefresh--before element-info-cart" aria-describedby="itemCard_title_2826908187"><span class="for-a11y">장바구니 담기</span></button></div><a href="https://item.gmarket.co.kr/Item?goodscode=2826908187" class="link__itemcard-info"><span class="box__itemcard-title-area" id="itemCard_title_2826908187"><span class="text__brand"><span class="text">노브랜드</span></span><span class="text__title" id="item_title">노브랜드 스파클링 오렌지망고 1L</span></span><span class="box__itemcard-price-area"><span class="box__price-seller"><span class="for-a11y">판매가</span><strong class="text__price-seller">980</strong><span class="text__unit">원</span></span><span class="box__prime-cost"><span class="for-a11y">원가</span><span class="text__unit-cost">(<!-- -->100mL당 98원<!-- -->)</span></span></span><span class="box__itemcard-info-score"><span class="sprite__smilefresh--before box__score-awards"><span class="for-a11y">평점</span><span class="text text__score">4.8</span><span class="for-a11y">후기</span><span class="text text__num">(931)</span><span class="for-a11y">건</span></span><span class="box__score-buycnt"><span class="text text__buy">구매</span><span class="text text__num">4,862</span><span class="for-a11y">건</span></span></span></a><button type="button" class="sprite__smilefresh--after button__favorite-item" aria-describedby="itemCard_title_2826908187" aria-pressed="false" aria-label="관심상품 등록하기"></button></div></div></div></div></li><li class="list-item"><div class="box__itemcard-container"><div class="box__itemcard-body"><div class="box__itemcard-inner"><span class="box__thumbnail__label">69</span><a class="link__itemcard" href="https://item.gmarket.co.kr/Item?goodscode=3052882902" tabindex="-1" aria-hidden="true"><span class="box__itemcard-img"><img class="image__itemcard no-js-400?ver=1725134792" src="data:image/gif;base64,R0lGODlhAQABAIAAAP///wAAACH5BAEAAAAALAAAAAABAAEAAAICRAEAOw==" alt="셀렉스프로틴 음료 오리지널 125ml 12입 - 상품 이미지"/><noscript><style>.no-js-400?ver=1725134792 { display: none !important; }</style><img class="image__itemcard" src="https://gdimg.gmarket.co.kr/3052882902/still/400?ver=1725134792" alt="셀렉스프로틴 음료 오리지널 125ml 12입 - 상품 이미지"/></noscript></span></a><div class="box__itemcard-info"><div class="box__element-info"><div class="element-info-qty"><button aria-describedby="itemCard_title_3052882902" class="sprite__smilefresh--before element-info-qty-minus" aria-disabled="true"><span class="for-a11y">상품 수 <!-- -->1<!-- --> 감소</span></button><span class="element-info-item-qty" aria-describedby="itemCard_title_3052882902"><span class="for-a11y">선택된 수량</span> <!-- -->1</span><button aria-describedby="itemCard_title_3052882902" class="sprite__smilefresh--before element-info-qty-plus"><span class="for-a11y">상품 수 <!-- -->1<!-- --> 증가</span></button></div><button type="button" class="sprite__smilefresh--before element-info-cart" aria-describedby="itemCard_title_3052882902"><span class="for-a11y">장바구니 담기</span></button></div><a href="https://item.gmarket.co.kr/Item?goodscode=3052882902" class="link__itemcard-info"><span class="box__itemcard-title-area" id="itemCard_title_3052882902"><span class="text__brand"><span class="text">셀렉스</span></span><span class="text__title" id="item_title">셀렉스프로틴 음료 오리지널 125ml 12입</span></span><span class="box__itemcard-price-area"><span class="box__price-seller"><span class="for-a11y">판매가</span><strong class="text__price-seller">19,800</strong><span class="text__unit">원</span></span></span><span class="box__itemcard-info-score"><span class="sprite__smilefresh--before box__score-awards"><span class="for-a11y">평점</span><span class="text text__score">4.8</span><span class="for-a11y">후기</span><span class="text text__num">(50)</span><span class="for-a11y">건</span></span><span class="box__score-buycnt"><span class="text text__buy">구매</span><span class="text text__num">229</span><span class="for-a11y">건</span></span></span><span class="box__itemcard-benefit-tag"><span class="box__tag box__tag-coupon"><span class="sprite__smilefresh--before box__inner">15% 쿠폰</span></span></span></a><button type="button" class="sprite__smilefresh--after button__favorite-item" aria-describedby="itemCard_title_3052882902" aria-pressed="false" aria-label="관심상품 등록하기"></button></div></div></div></div></li><li class="list-item"><div class="box__itemcard-container"><div class="box__itemcard-body"><div class="box__itemcard-inner"><span class="box__thumbnail__label">70</span><a class="link__itemcard" href="https://item.gmarket.co.kr/Item?goodscode=4046722912" tabindex="-1" aria-hidden="true"><span class="box__itemcard-img"><img class="image__itemcard no-js-400?ver=1725140368" src="data:image/gif;base64,R0lGODlhAQABAIAAAP///wAAACH5BAEAAAAALAAAAAABAAEAAAICRAEAOw==" alt="노브랜드 캔사이다 355ml6 - 상품 이미지"/><noscript><style>.no-js-400?ver=1725140368 { display: none !important; }</style><img class="image__itemcard" src="https://gdimg.gmarket.co.kr/4046722912/still/400?ver=1725140368" alt="노브랜드 캔사이다 355ml6 - 상품 이미지"/></noscript></span></a><div class="box__itemcard-info"><div class="box__element-info"><div class="element-info-qty"><button aria-describedby="itemCard_title_4046722912" class="sprite__smilefresh--before element-info-qty-minus" aria-disabled="true"><span class="for-a11y">상품 수 <!-- -->1<!-- --> 감소</span></button><span class="element-info-item-qty" aria-describedby="itemCard_title_4046722912"><span class="for-a11y">선택된 수량</span> <!-- -->1</span><button aria-describedby="itemCard_title_4046722912" class="sprite__smilefresh--before element-info-qty-plus"><span class="for-a11y">상품 수 <!-- -->1<!-- --> 증가</span></button></div><button type="button" class="sprite__smilefresh--before element-info-cart" aria-describedby="itemCard_title_4046722912"><span class="for-a11y">장바구니 담기</span></button></div><a href="https://item.gmarket.co.kr/Item?goodscode=4046722912" class="link__itemcard-info"><span class="box__itemcard-title-area" id="itemCard_title_4046722912"><span class="text__brand"><span class="text">노브랜드</span></span><span class="text__title" id="item_title">노브랜드 캔사이다 355ml6</span></span><span class="box__itemcard-price-area"><span class="box__price-seller"><span class="for-a11y">판매가</span><strong class="text__price-seller">2,980</strong><span class="text__unit">원</span></span><span class="box__prime-cost"><span class="for-a11y">원가</span><span class="text__unit-cost">(<!-- -->100mL당 140원<!-- -->)</span></span></span><span class="box__itemcard-info-score"><span class="sprite__smilefresh--before box__score-awards"><span class="for-a11y">평점</span><span class="text text__score">4.7</span><span class="for-a11y">후기</span><span class="text text__num">(26)</span><span class="for-a11y">건</span></span><span class="box__score-buycnt"><span class="text text__buy">구매</span><span class="text text__num">110</span><span class="for-a11y">건</span></span></span><span class="box__itemcard-benefit-tag"><span class="box__tag box__tag-coupon"><span class="sprite__smilefresh--before box__inner">15% 쿠폰</span></span></span></a><button type="button" class="sprite__smilefresh--after button__favorite-item" aria-describedby="itemCard_title_4046722912" aria-pressed="false" aria-label="관심상품 등록하기"></button></div></div></div></div></li><li class="list-item"><div class="box__itemcard-container"><div class="box__itemcard-body"><div class="box__itemcard-inner"><span class="box__thumbnail__label">71</span><a class="link__itemcard" href="https://item.gmarket.co.kr/Item?goodscode=2523115056" tabindex="-1" aria-hidden="true"><span class="box__itemcard-img"><img class="image__itemcard no-js-400?ver=1725099906" src="data:image/gif;base64,R0lGODlhAQABAIAAAP///wAAACH5BAEAAAAALAAAAAABAAEAAAICRAEAOw==" alt="쿨피스플러스 930ml2입 (맛 점포별 랜덤발송) - 상품 이미지"/><noscript><style>.no-js-400?ver=1725099906 { display: none !important; }</style><img class="image__itemcard" src="https://gdimg.gmarket.co.kr/2523115056/still/400?ver=1725099906" alt="쿨피스플러스 930ml2입 (맛 점포별 랜덤발송) - 상품 이미지"/></noscript></span></a><div class="box__itemcard-info"><div class="box__element-info"><div class="element-info-qty"><button aria-describedby="itemCard_title_2523115056" class="sprite__smilefresh--before element-info-qty-minus" aria-disabled="true"><span class="for-a11y">상품 수 <!-- -->1<!-- --> 감소</span></button><span class="element-info-item-qty" aria-describedby="itemCard_title_2523115056"><span class="for-a11y">선택된 수량</span> <!-- -->1</span><button aria-describedby="itemCard_title_2523115056" class="sprite__smilefresh--before element-info-qty-plus"><span class="for-a11y">상품 수 <!-- -->1<!-- --> 증가</span></button></div><button type="button" class="sprite__smilefresh--before element-info-cart" aria-describedby="itemCard_title_2523115056"><span class="for-a11y">장바구니 담기</span></button></div><a href="https://item.gmarket.co.kr/Item?goodscode=2523115056" class="link__itemcard-info"><span class="box__itemcard-title-area" id="itemCard_title_2523115056"><span class="text__title" id="item_title">쿨피스플러스 930ml2입 (맛 점포별 랜덤발송)</span></span><span class="box__itemcard-price-area"><span class="box__price-seller"><span class="for-a11y">판매가</span><strong class="text__price-seller">2,180</strong><span class="text__unit">원</span></span></span><span class="box__itemcard-info-score"><span class="sprite__smilefresh--before box__score-awards"><span class="for-a11y">평점</span><span class="text text__score">4.8</span><span class="for-a11y">후기</span><span class="text text__num">(2,309)</span><span class="for-a11y">건</span></span><span class="box__score-buycnt"><span class="text text__buy">구매</span><span class="text text__num">5,950</span><span class="for-a11y">건</span></span></span><span class="box__itemcard-benefit-tag"><span class="box__tag box__tag-coupon"><span class="sprite__smilefresh--before box__inner">15% 쿠폰</span></span></span></a><button type="button" class="sprite__smilefresh--after button__favorite-item" aria-describedby="itemCard_title_2523115056" aria-pressed="false" aria-label="관심상품 등록하기"></button></div></div></div></div></li><li class="list-item"><div class="box__itemcard-container"><div class="box__itemcard-body"><div class="box__itemcard-inner"><span class="box__thumbnail__label">72</span><a class="link__itemcard" href="https://item.gmarket.co.kr/Item?goodscode=2518934437" tabindex="-1" aria-hidden="true"><span class="box__itemcard-img"><img class="image__itemcard no-js-400?ver=1725113204" src="data:image/gif;base64,R0lGODlhAQABAIAAAP///wAAACH5BAEAAAAALAAAAAABAAEAAAICRAEAOw==" alt="진로토닉워터600ml - 상품 이미지"/><noscript><style>.no-js-400?ver=1725113204 { display: none !important; }</style><img class="image__itemcard" src="https://gdimg.gmarket.co.kr/2518934437/still/400?ver=1725113204" alt="진로토닉워터600ml - 상품 이미지"/></noscript></span></a><div class="box__itemcard-info"><div class="box__element-info"><div class="element-info-qty"><button aria-describedby="itemCard_title_2518934437" class="sprite__smilefresh--before element-info-qty-minus" aria-disabled="true"><span class="for-a11y">상품 수 <!-- -->1<!-- --> 감소</span></button><span class="element-info-item-qty" aria-describedby="itemCard_title_2518934437"><span class="for-a11y">선택된 수량</span> <!-- -->1</span><button aria-describedby="itemCard_title_2518934437" class="sprite__smilefresh--before element-info-qty-plus"><span class="for-a11y">상품 수 <!-- -->1<!-- --> 증가</span></button></div><button type="button" class="sprite__smilefresh--before element-info-cart" aria-describedby="itemCard_title_2518934437"><span class="for-a11y">장바구니 담기</span></button></div><a href="https://item.gmarket.co.kr/Item?goodscode=2518934437" class="link__itemcard-info"><span class="box__itemcard-title-area" id="itemCard_title_2518934437"><span class="text__brand"><span class="text">토닉워터</span></span><span class="text__title" id="item_title">진로토닉워터600ml</span></span><span class="box__itemcard-price-area"><span class="box__price-seller"><span class="for-a11y">판매가</span><strong class="text__price-seller">980</strong><span class="text__unit">원</span></span><span class="box__prime-cost"><span class="for-a11y">원가</span><span class="text__unit-cost">(<!-- -->100mL당 163원<!-- -->)</span></span></span><span class="box__itemcard-info-score"><span class="sprite__smilefresh--before box__score-awards"><span class="for-a11y">평점</span><span class="text text__score">4.9</span><span class="for-a11y">후기</span><span class="text text__num">(534)</span><span class="for-a11y">건</span></span><span class="box__score-buycnt"><span class="text text__buy">구매</span><span class="text text__num">5,836</span><span class="for-a11y">건</span></span></span><span class="box__itemcard-benefit-tag"><span class="box__tag box__tag-coupon"><span class="sprite__smilefresh--before box__inner">15% 쿠폰</span></span></span></a><button type="button" class="sprite__smilefresh--after button__favorite-item" aria-describedby="itemCard_title_2518934437" aria-pressed="false" aria-label="관심상품 등록하기"></button></div></div></div></div></li><li class="list-item"><div class="box__itemcard-container"><div class="box__itemcard-body"><div class="box__itemcard-inner"><span class="box__thumbnail__label">73</span><a class="link__itemcard" href="https://item.gmarket.co.kr/Item?goodscode=3780885047" tabindex="-1" aria-hidden="true"><span class="box__itemcard-img"><img class="image__itemcard no-js-400?ver=1725144149" src="data:image/gif;base64,R0lGODlhAQABAIAAAP///wAAACH5BAEAAAAALAAAAAABAAEAAAICRAEAOw==" alt="농심 멘토스 스파클링워터 자몽 355ml - 상품 이미지"/><noscript><style>.no-js-400?ver=1725144149 { display: none !important; }</style><img class="image__itemcard" src="https://gdimg.gmarket.co.kr/3780885047/still/400?ver=1725144149" alt="농심 멘토스 스파클링워터 자몽 355ml - 상품 이미지"/></noscript></span></a><div class="box__itemcard-info"><div class="box__element-info"><div class="element-info-qty"><button aria-describedby="itemCard_title_3780885047" class="sprite__smilefresh--before element-info-qty-minus" aria-disabled="true"><span class="for-a11y">상품 수 <!-- -->1<!-- --> 감소</span></button><span class="element-info-item-qty" aria-describedby="itemCard_title_3780885047"><span class="for-a11y">선택된 수량</span> <!-- -->1</span><button aria-describedby="itemCard_title_3780885047" class="sprite__smilefresh--before element-info-qty-plus"><span class="for-a11y">상품 수 <!-- -->1<!-- --> 증가</span></button></div><button type="button" class="sprite__smilefresh--before element-info-cart" aria-describedby="itemCard_title_3780885047"><span class="for-a11y">장바구니 담기</span></button></div><a href="https://item.gmarket.co.kr/Item?goodscode=3780885047" class="link__itemcard-info"><span class="box__itemcard-title-area" id="itemCard_title_3780885047"><span class="text__brand"><span class="text">멘토스</span></span><span class="text__title" id="item_title">농심 멘토스 스파클링워터 자몽 355ml</span></span><span class="box__itemcard-price-area"><span class="box__price-seller"><span class="for-a11y">판매가</span><strong class="text__price-seller">720</strong><span class="text__unit">원</span></span><span class="box__prime-cost"><span class="for-a11y">원가</span><span class="text__unit-cost">(<!-- -->100mL당 203원<!-- -->)</span></span></span><span class="box__itemcard-info-score"><span class="sprite__smilefresh--before box__score-awards"><span class="for-a11y">평점</span><span class="text text__score">4.8</span><span class="for-a11y">후기</span><span class="text text__num">(177)</span><span class="for-a11y">건</span></span><span class="box__score-buycnt"><span class="text text__buy">구매</span><span class="text text__num">1,366</span><span class="for-a11y">건</span></span></span><span class="box__itemcard-benefit-tag"><span class="box__tag box__tag-coupon"><span class="sprite__smilefresh--before box__inner">15% 쿠폰</span></span></span></a><button type="button" class="sprite__smilefresh--after button__favorite-item" aria-describedby="itemCard_title_3780885047" aria-pressed="false" aria-label="관심상품 등록하기"></button></div></div></div></div></li><li class="list-item"><div class="box__itemcard-container"><div class="box__itemcard-body"><div class="box__itemcard-inner"><span class="box__thumbnail__label">74</span><a class="link__itemcard" href="https://item.gmarket.co.kr/Item?goodscode=2537363033" tabindex="-1" aria-hidden="true"><span class="box__itemcard-img"><img class="image__itemcard no-js-400?ver=1725100379" src="data:image/gif;base64,R0lGODlhAQABAIAAAP///wAAACH5BAEAAAAALAAAAAABAAEAAAICRAEAOw==" alt="박카스F 120ml20입 - 상품 이미지"/><noscript><style>.no-js-400?ver=1725100379 { display: none !important; }</style><img class="image__itemcard" src="https://gdimg.gmarket.co.kr/2537363033/still/400?ver=1725100379" alt="박카스F 120ml20입 - 상품 이미지"/></noscript></span></a><div class="box__itemcard-info"><div class="box__element-info"><div class="element-info-qty"><button aria-describedby="itemCard_title_2537363033" class="sprite__smilefresh--before element-info-qty-minus" aria-disabled="true"><span class="for-a11y">상품 수 <!-- -->1<!-- --> 감소</span></button><span class="element-info-item-qty" aria-describedby="itemCard_title_2537363033"><span class="for-a11y">선택된 수량</span> <!-- -->1</span><button aria-describedby="itemCard_title_2537363033" class="sprite__smilefresh--before element-info-qty-plus"><span class="for-a11y">상품 수 <!-- -->1<!-- --> 증가</span></button></div><button type="button" class="sprite__smilefresh--before element-info-cart" aria-describedby="itemCard_title_2537363033"><span class="for-a11y">장바구니 담기</span></button></div><a href="https://item.gmarket.co.kr/Item?goodscode=2537363033" class="link__itemcard-info"><span class="box__itemcard-title-area" id="itemCard_title_2537363033"><span class="text__brand"><span class="text">동아제약</span></span><span class="text__title" id="item_title">박카스F 120ml20입</span></span><span class="box__itemcard-price-area"><span class="box__price-seller"><span class="for-a11y">판매가</span><strong class="text__price-seller">15,980</strong><span class="text__unit">원</span></span><span class="box__prime-cost"><span class="for-a11y">원가</span><span class="text__unit-cost">(<!-- -->100mL당 666원<!-- -->)</span></span></span><span class="box__itemcard-info-score"><span class="sprite__smilefresh--before box__score-awards"><span class="for-a11y">평점</span><span class="text text__score">4.7</span><span class="for-a11y">후기</span><span class="text text__num">(518)</span><span class="for-a11y">건</span></span><span class="box__score-buycnt"><span class="text text__buy">구매</span><span class="text text__num">1,660</span><span class="for-a11y">건</span></span></span><span class="box__itemcard-benefit-tag"><span class="box__tag box__tag-coupon"><span class="sprite__smilefresh--before box__inner">15% 쿠폰</span></span></span></a><button type="button" class="sprite__smilefresh--after button__favorite-item" aria-describedby="itemCard_title_2537363033" aria-pressed="false" aria-label="관심상품 등록하기"></button></div></div></div></div></li><li class="list-item"><div class="box__itemcard-container"><div class="box__itemcard-body"><div class="box__itemcard-inner"><span class="box__thumbnail__label">75</span><a class="link__itemcard" href="https://item.gmarket.co.kr/Item?goodscode=2522856520" tabindex="-1" aria-hidden="true"><span class="box__itemcard-img"><img class="image__itemcard no-js-400?ver=1725117380" src="data:image/gif;base64,R0lGODlhAQABAIAAAP///wAAACH5BAEAAAAALAAAAAABAAEAAAICRAEAOw==" alt="오션스프레이 크랜베리 1.89L - 상품 이미지"/><noscript><style>.no-js-400?ver=1725117380 { display: none !important; }</style><img class="image__itemcard" src="https://gdimg.gmarket.co.kr/2522856520/still/400?ver=1725117380" alt="오션스프레이 크랜베리 1.89L - 상품 이미지"/></noscript></span></a><div class="box__itemcard-info"><div class="box__element-info"><div class="element-info-qty"><button aria-describedby="itemCard_title_2522856520" class="sprite__smilefresh--before element-info-qty-minus" aria-disabled="true"><span class="for-a11y">상품 수 <!-- -->1<!-- --> 감소</span></button><span class="element-info-item-qty" aria-describedby="itemCard_title_2522856520"><span class="for-a11y">선택된 수량</span> <!-- -->1</span><button aria-describedby="itemCard_title_2522856520" class="sprite__smilefresh--before element-info-qty-plus"><span class="for-a11y">상품 수 <!-- -->1<!-- --> 증가</span></button></div><button type="button" class="sprite__smilefresh--before element-info-cart" aria-describedby="itemCard_title_2522856520"><span class="for-a11y">장바구니 담기</span></button></div><a href="https://item.gmarket.co.kr/Item?goodscode=2522856520" class="link__itemcard-info"><span class="box__itemcard-title-area" id="itemCard_title_2522856520"><span class="text__brand"><span class="text">오션스프레이</span></span><span class="text__title" id="item_title">오션스프레이 크랜베리 1.89L</span></span><span class="box__itemcard-price-area"><span class="box__price-seller"><span class="for-a11y">판매가</span><strong class="text__price-seller">3,880</strong><span class="text__unit">원</span></span><span class="box__prime-cost"><span class="for-a11y">원가</span><strong class="text__dc-rate">43<!-- -->%</strong><span class="text__prime-cost">6,880<span class="text__unit">원</span></span></span></span><span class="box__itemcard-info-score"><span class="sprite__smilefresh--before box__score-awards"><span class="for-a11y">평점</span><span class="text text__score">4.7</span><span class="for-a11y">후기</span><span class="text text__num">(579)</span><span class="for-a11y">건</span></span><span class="box__score-buycnt"><span class="text text__buy">구매</span><span class="text text__num">2,325</span><span class="for-a11y">건</span></span></span><span class="box__itemcard-benefit-tag"><span class="box__tag box__tag-coupon"><span class="sprite__smilefresh--before box__inner">15% 쿠폰</span></span></span></a><button type="button" class="sprite__smilefresh--after button__favorite-item" aria-describedby="itemCard_title_2522856520" aria-pressed="false" aria-label="관심상품 등록하기"></button></div></div></div></div></li><li class="list-item"><div class="box__itemcard-container"><div class="box__itemcard-body"><div class="box__itemcard-inner"><span class="box__thumbnail__label">76</span><a class="link__itemcard" href="https://item.gmarket.co.kr/Item?goodscode=2522387306" tabindex="-1" aria-hidden="true"><span class="box__itemcard-img"><img class="image__itemcard no-js-400?ver=1725101226" src="data:image/gif;base64,R0lGODlhAQABAIAAAP///wAAACH5BAEAAAAALAAAAAABAAEAAAICRAEAOw==" alt="펩시콜라210캔10 - 상품 이미지"/><noscript><style>.no-js-400?ver=1725101226 { display: none !important; }</style><img class="image__itemcard" src="https://gdimg.gmarket.co.kr/2522387306/still/400?ver=1725101226" alt="펩시콜라210캔10 - 상품 이미지"/></noscript></span></a><div class="box__itemcard-info"><div class="box__element-info"><div class="element-info-qty"><button aria-describedby="itemCard_title_2522387306" class="sprite__smilefresh--before element-info-qty-minus" aria-disabled="true"><span class="for-a11y">상품 수 <!-- -->1<!-- --> 감소</span></button><span class="element-info-item-qty" aria-describedby="itemCard_title_2522387306"><span class="for-a11y">선택된 수량</span> <!-- -->1</span><button aria-describedby="itemCard_title_2522387306" class="sprite__smilefresh--before element-info-qty-plus"><span class="for-a11y">상품 수 <!-- -->1<!-- --> 증가</span></button></div><button type="button" class="sprite__smilefresh--before element-info-cart" aria-describedby="itemCard_title_2522387306"><span class="for-a11y">장바구니 담기</span></button></div><a href="https://item.gmarket.co.kr/Item?goodscode=2522387306" class="link__itemcard-info"><span class="box__itemcard-title-area" id="itemCard_title_2522387306"><span class="text__brand"><span class="text">롯데칠성</span></span><span class="text__title" id="item_title">펩시콜라210캔10</span></span><span class="box__itemcard-price-area"><span class="box__price-seller"><span class="for-a11y">판매가</span><strong class="text__price-seller">5,480</strong><span class="text__unit">원</span></span><span class="box__prime-cost"><span class="for-a11y">원가</span><span class="text__unit-cost">(<!-- -->100mL당 261원<!-- -->)</span></span></span><span class="box__itemcard-info-score"><span class="sprite__smilefresh--before box__score-awards"><span class="for-a11y">평점</span><span class="text text__score">4.8</span><span class="for-a11y">후기</span><span class="text text__num">(966)</span><span class="for-a11y">건</span></span><span class="box__score-buycnt"><span class="text text__buy">구매</span><span class="text text__num">3,613</span><span class="for-a11y">건</span></span></span><span class="box__itemcard-benefit-tag"><span class="box__tag box__tag-coupon"><span class="sprite__smilefresh--before box__inner">15% 쿠폰</span></span></span></a><button type="button" class="sprite__smilefresh--after button__favorite-item" aria-describedby="itemCard_title_2522387306" aria-pressed="false" aria-label="관심상품 등록하기"></button></div></div></div></div></li><li class="list-item"><div class="box__itemcard-container"><div class="box__itemcard-body"><div class="box__itemcard-inner"><span class="box__thumbnail__label">77</span><a class="link__itemcard" href="https://item.gmarket.co.kr/Item?goodscode=2523156282" tabindex="-1" aria-hidden="true"><span class="box__itemcard-img"><img class="image__itemcard no-js-400?ver=1725124044" src="data:image/gif;base64,R0lGODlhAQABAIAAAP///wAAACH5BAEAAAAALAAAAAABAAEAAAICRAEAOw==" alt="미닛메이드 에션셜 오렌지 1.2L - 상품 이미지"/><noscript><style>.no-js-400?ver=1725124044 { display: none !important; }</style><img class="image__itemcard" src="https://gdimg.gmarket.co.kr/2523156282/still/400?ver=1725124044" alt="미닛메이드 에션셜 오렌지 1.2L - 상품 이미지"/></noscript></span></a><div class="box__itemcard-info"><div class="box__element-info"><div class="element-info-qty"><button aria-describedby="itemCard_title_2523156282" class="sprite__smilefresh--before element-info-qty-minus" aria-disabled="true"><span class="for-a11y">상품 수 <!-- -->1<!-- --> 감소</span></button><span class="element-info-item-qty" aria-describedby="itemCard_title_2523156282"><span class="for-a11y">선택된 수량</span> <!-- -->1</span><button aria-describedby="itemCard_title_2523156282" class="sprite__smilefresh--before element-info-qty-plus"><span class="for-a11y">상품 수 <!-- -->1<!-- --> 증가</span></button></div><button type="button" class="sprite__smilefresh--before element-info-cart" aria-describedby="itemCard_title_2523156282"><span class="for-a11y">장바구니 담기</span></button></div><a href="https://item.gmarket.co.kr/Item?goodscode=2523156282" class="link__itemcard-info"><span class="box__itemcard-title-area" id="itemCard_title_2523156282"><span class="text__title" id="item_title">미닛메이드 에션셜 오렌지 1.2L</span></span><span class="box__itemcard-price-area"><span class="box__price-seller"><span class="for-a11y">판매가</span><strong class="text__price-seller">1,990</strong><span class="text__unit">원</span></span></span><span class="box__itemcard-info-score"><span class="sprite__smilefresh--before box__score-awards"><span class="for-a11y">평점</span><span class="text text__score">4.8</span><span class="for-a11y">후기</span><span class="text text__num">(373)</span><span class="for-a11y">건</span></span><span class="box__score-buycnt"><span class="text text__buy">구매</span><span class="text text__num">2,190</span><span class="for-a11y">건</span></span></span><span class="box__itemcard-benefit-tag"><span class="box__tag box__tag-coupon"><span class="sprite__smilefresh--before box__inner">15% 쿠폰</span></span></span></a><button type="button" class="sprite__smilefresh--after button__favorite-item" aria-describedby="itemCard_title_2523156282" aria-pressed="false" aria-label="관심상품 등록하기"></button></div></div></div></div></li><li class="list-item"><div class="box__itemcard-container"><div class="box__itemcard-body"><div class="box__itemcard-inner"><span class="box__thumbnail__label">78</span><a class="link__itemcard" href="https://item.gmarket.co.kr/Item?goodscode=2523408397" tabindex="-1" aria-hidden="true"><span class="box__itemcard-img"><img class="image__itemcard no-js-400?ver=1711432387" src="data:image/gif;base64,R0lGODlhAQABAIAAAP///wAAACH5BAEAAAAALAAAAAABAAEAAAICRAEAOw==" alt="삼다수 2L - 상품 이미지"/><noscript><style>.no-js-400?ver=1711432387 { display: none !important; }</style><img class="image__itemcard" src="https://gdimg.gmarket.co.kr/2523408397/still/400?ver=1711432387" alt="삼다수 2L - 상품 이미지"/></noscript></span></a><div class="box__itemcard-info"><div class="box__element-info"><div class="element-info-qty"><button aria-describedby="itemCard_title_2523408397" class="sprite__smilefresh--before element-info-qty-minus" aria-disabled="true"><span class="for-a11y">상품 수 <!-- -->6<!-- --> 감소</span></button><span class="element-info-item-qty" aria-describedby="itemCard_title_2523408397"><span class="for-a11y">선택된 수량</span> <!-- -->6</span><button aria-describedby="itemCard_title_2523408397" class="sprite__smilefresh--before element-info-qty-plus"><span class="for-a11y">상품 수 <!-- -->6<!-- --> 증가</span></button></div><button type="button" class="sprite__smilefresh--before element-info-cart" aria-describedby="itemCard_title_2523408397"><span class="for-a11y">장바구니 담기</span></button></div><a href="https://item.gmarket.co.kr/Item?goodscode=2523408397" class="link__itemcard-info"><span class="box__itemcard-title-area" id="itemCard_title_2523408397"><span class="text__brand"><span class="text">제주삼다수</span></span><span class="text__title" id="item_title">삼다수 2L</span></span><span class="box__itemcard-price-area"><span class="box__price-seller"><span class="for-a11y">판매가</span><strong class="text__price-seller">1,080</strong><span class="text__unit">원</span></span></span><span class="box__itemcard-info-score"><span class="sprite__smilefresh--before box__score-awards"><span class="for-a11y">평점</span><span class="text text__score">4.7</span><span class="for-a11y">후기</span><span class="text text__num">(1,090)</span><span class="for-a11y">건</span></span><span class="box__score-buycnt"><span class="text text__buy">구매</span><span class="text text__num">35,520</span><span class="for-a11y">건</span></span></span><span class="box__itemcard-benefit-tag"><span class="box__tag box__tag-coupon"><span class="sprite__smilefresh--before box__inner">15% 쿠폰</span></span></span></a><button type="button" class="sprite__smilefresh--after button__favorite-item" aria-describedby="itemCard_title_2523408397" aria-pressed="false" aria-label="관심상품 등록하기"></button></div></div></div></div></li><li class="list-item"><div class="box__itemcard-container"><div class="box__itemcard-body"><div class="box__itemcard-inner"><span class="box__thumbnail__label">79</span><a class="link__itemcard" href="https://item.gmarket.co.kr/Item?goodscode=3995845320" tabindex="-1" aria-hidden="true"><span class="box__itemcard-img"><img class="image__itemcard no-js-400?ver=1725140728" src="data:image/gif;base64,R0lGODlhAQABAIAAAP///wAAACH5BAEAAAAALAAAAAABAAEAAAICRAEAOw==" alt="게토레이 제로 1.5L - 상품 이미지"/><noscript><style>.no-js-400?ver=1725140728 { display: none !important; }</style><img class="image__itemcard" src="https://gdimg.gmarket.co.kr/3995845320/still/400?ver=1725140728" alt="게토레이 제로 1.5L - 상품 이미지"/></noscript></span></a><div class="box__itemcard-info"><div class="box__element-info"><div class="element-info-qty"><button aria-describedby="itemCard_title_3995845320" class="sprite__smilefresh--before element-info-qty-minus" aria-disabled="true"><span class="for-a11y">상품 수 <!-- -->1<!-- --> 감소</span></button><span class="element-info-item-qty" aria-describedby="itemCard_title_3995845320"><span class="for-a11y">선택된 수량</span> <!-- -->1</span><button aria-describedby="itemCard_title_3995845320" class="sprite__smilefresh--before element-info-qty-plus"><span class="for-a11y">상품 수 <!-- -->1<!-- --> 증가</span></button></div><button type="button" class="sprite__smilefresh--before element-info-cart" aria-describedby="itemCard_title_3995845320"><span class="for-a11y">장바구니 담기</span></button></div><a href="https://item.gmarket.co.kr/Item?goodscode=3995845320" class="link__itemcard-info"><span class="box__itemcard-title-area" id="itemCard_title_3995845320"><span class="text__brand"><span class="text">게토레이</span></span><span class="text__title" id="item_title">게토레이 제로 1.5L</span></span><span class="box__itemcard-price-area"><span class="box__price-seller"><span class="for-a11y">판매가</span><strong class="text__price-seller">3,680</strong><span class="text__unit">원</span></span><span class="box__prime-cost"><span class="for-a11y">원가</span><span class="text__unit-cost">(<!-- -->100mL당 245원<!-- -->)</span></span></span><span class="box__itemcard-info-score"><span class="sprite__smilefresh--before box__score-awards"><span class="for-a11y">평점</span><span class="text text__score">4.8</span><span class="for-a11y">후기</span><span class="text text__num">(50)</span><span class="for-a11y">건</span></span><span class="box__score-buycnt"><span class="text text__buy">구매</span><span class="text text__num">604</span><span class="for-a11y">건</span></span></span><span class="box__itemcard-benefit-tag"><span class="box__tag box__tag-coupon"><span class="sprite__smilefresh--before box__inner">15% 쿠폰</span></span></span></a><button type="button" class="sprite__smilefresh--after button__favorite-item" aria-describedby="itemCard_title_3995845320" aria-pressed="false" aria-label="관심상품 등록하기"></button></div></div></div></div></li><li class="list-item"><div class="box__itemcard-container"><div class="box__itemcard-body"><div class="box__itemcard-inner"><span class="box__thumbnail__label">80</span><a class="link__itemcard" href="https://item.gmarket.co.kr/Item?goodscode=2519439699" tabindex="-1" aria-hidden="true"><span class="box__itemcard-img"><img class="image__itemcard no-js-400?ver=1725121839" src="data:image/gif;base64,R0lGODlhAQABAIAAAP///wAAACH5BAEAAAAALAAAAAABAAEAAAICRAEAOw==" alt="웅진_티즐 제로 자몽블랙티 500ml - 상품 이미지"/><noscript><style>.no-js-400?ver=1725121839 { display: none !important; }</style><img class="image__itemcard" src="https://gdimg.gmarket.co.kr/2519439699/still/400?ver=1725121839" alt="웅진_티즐 제로 자몽블랙티 500ml - 상품 이미지"/></noscript></span></a><div class="box__itemcard-info"><div class="box__element-info"><div class="element-info-qty"><button aria-describedby="itemCard_title_2519439699" class="sprite__smilefresh--before element-info-qty-minus" aria-disabled="true"><span class="for-a11y">상품 수 <!-- -->1<!-- --> 감소</span></button><span class="element-info-item-qty" aria-describedby="itemCard_title_2519439699"><span class="for-a11y">선택된 수량</span> <!-- -->1</span><button aria-describedby="itemCard_title_2519439699" class="sprite__smilefresh--before element-info-qty-plus"><span class="for-a11y">상품 수 <!-- -->1<!-- --> 증가</span></button></div><button type="button" class="sprite__smilefresh--before element-info-cart" aria-describedby="itemCard_title_2519439699"><span class="for-a11y">장바구니 담기</span></button></div><a href="https://item.gmarket.co.kr/Item?goodscode=2519439699" class="link__itemcard-info"><span class="box__itemcard-title-area" id="itemCard_title_2519439699"><span class="text__title" id="item_title">웅진_티즐 제로 자몽블랙티 500ml</span></span><span class="box__itemcard-price-area"><span class="box__price-seller"><span class="for-a11y">판매가</span><strong class="text__price-seller">1,600</strong><span class="text__unit">원</span></span></span><span class="box__itemcard-info-score"><span class="sprite__smilefresh--before box__score-awards"><span class="for-a11y">평점</span><span class="text text__score">4.8</span><span class="for-a11y">후기</span><span class="text text__num">(1,283)</span><span class="for-a11y">건</span></span><span class="box__score-buycnt"><span class="text text__buy">구매</span><span class="text text__num">11,912</span><span class="for-a11y">건</span></span></span><span class="box__itemcard-benefit-tag"><span class="box__tag box__tag-coupon"><span class="sprite__smilefresh--before box__inner">15% 쿠폰</span></span></span></a><button type="button" class="sprite__smilefresh--after button__favorite-item" aria-describedby="itemCard_title_2519439699" aria-pressed="false" aria-label="관심상품 등록하기"></button></div></div></div></div></li><li class="list-item"><div class="box__itemcard-container"><div class="box__itemcard-body"><div class="box__itemcard-inner"><span class="box__thumbnail__label">81</span><a class="link__itemcard" href="https://item.gmarket.co.kr/Item?goodscode=2537364676" tabindex="-1" aria-hidden="true"><span class="box__itemcard-img"><img class="image__itemcard no-js-400?ver=1725114822" src="data:image/gif;base64,R0lGODlhAQABAIAAAP///wAAACH5BAEAAAAALAAAAAABAAEAAAICRAEAOw==" alt="블랙보리 라이트 1.5L - 상품 이미지"/><noscript><style>.no-js-400?ver=1725114822 { display: none !important; }</style><img class="image__itemcard" src="https://gdimg.gmarket.co.kr/2537364676/still/400?ver=1725114822" alt="블랙보리 라이트 1.5L - 상품 이미지"/></noscript></span></a><div class="box__itemcard-info"><div class="box__element-info"><div class="element-info-qty"><button aria-describedby="itemCard_title_2537364676" class="sprite__smilefresh--before element-info-qty-minus" aria-disabled="true"><span class="for-a11y">상품 수 <!-- -->1<!-- --> 감소</span></button><span class="element-info-item-qty" aria-describedby="itemCard_title_2537364676"><span class="for-a11y">선택된 수량</span> <!-- -->1</span><button aria-describedby="itemCard_title_2537364676" class="sprite__smilefresh--before element-info-qty-plus"><span class="for-a11y">상품 수 <!-- -->1<!-- --> 증가</span></button></div><button type="button" class="sprite__smilefresh--before element-info-cart" aria-describedby="itemCard_title_2537364676"><span class="for-a11y">장바구니 담기</span></button></div><a href="https://item.gmarket.co.kr/Item?goodscode=2537364676" class="link__itemcard-info"><span class="box__itemcard-title-area" id="itemCard_title_2537364676"><span class="text__brand"><span class="text">하이트진로</span></span><span class="text__title" id="item_title">블랙보리 라이트 1.5L</span></span><span class="box__itemcard-price-area"><span class="box__price-seller"><span class="for-a11y">판매가</span><strong class="text__price-seller">2,080</strong><span class="text__unit">원</span></span><span class="box__prime-cost"><span class="for-a11y">원가</span><span class="text__unit-cost">(<!-- -->100mL당 139원<!-- -->)</span></span></span><span class="box__itemcard-info-score"><span class="sprite__smilefresh--before box__score-awards"><span class="for-a11y">평점</span><span class="text text__score">4.8</span><span class="for-a11y">후기</span><span class="text text__num">(1,672)</span><span class="for-a11y">건</span></span><span class="box__score-buycnt"><span class="text text__buy">구매</span><span class="text text__num">17,733</span><span class="for-a11y">건</span></span></span><span class="box__itemcard-benefit-tag"><span class="box__tag box__tag-coupon"><span class="sprite__smilefresh--before box__inner">15% 쿠폰</span></span></span></a><button type="button" class="sprite__smilefresh--after button__favorite-item" aria-describedby="itemCard_title_2537364676" aria-pressed="false" aria-label="관심상품 등록하기"></button></div></div></div></div></li><li class="list-item"><div class="box__itemcard-container"><div class="box__itemcard-body"><div class="box__itemcard-inner"><span class="box__thumbnail__label">82</span><a class="link__itemcard" href="https://item.gmarket.co.kr/Item?goodscode=3780909506" tabindex="-1" aria-hidden="true"><span class="box__itemcard-img"><img class="image__itemcard no-js-400?ver=1725144149" src="data:image/gif;base64,R0lGODlhAQABAIAAAP///wAAACH5BAEAAAAALAAAAAABAAEAAAICRAEAOw==" alt="농심 멘토스 스파클링워터 딸기 355ml - 상품 이미지"/><noscript><style>.no-js-400?ver=1725144149 { display: none !important; }</style><img class="image__itemcard" src="https://gdimg.gmarket.co.kr/3780909506/still/400?ver=1725144149" alt="농심 멘토스 스파클링워터 딸기 355ml - 상품 이미지"/></noscript></span></a><div class="box__itemcard-info"><div class="box__element-info"><div class="element-info-qty"><button aria-describedby="itemCard_title_3780909506" class="sprite__smilefresh--before element-info-qty-minus" aria-disabled="true"><span class="for-a11y">상품 수 <!-- -->1<!-- --> 감소</span></button><span class="element-info-item-qty" aria-describedby="itemCard_title_3780909506"><span class="for-a11y">선택된 수량</span> <!-- -->1</span><button aria-describedby="itemCard_title_3780909506" class="sprite__smilefresh--before element-info-qty-plus"><span class="for-a11y">상품 수 <!-- -->1<!-- --> 증가</span></button></div><button type="button" class="sprite__smilefresh--before element-info-cart" aria-describedby="itemCard_title_3780909506"><span class="for-a11y">장바구니 담기</span></button></div><a href="https://item.gmarket.co.kr/Item?goodscode=3780909506" class="link__itemcard-info"><span class="box__itemcard-title-area" id="itemCard_title_3780909506"><span class="text__brand"><span class="text">멘토스</span></span><span class="text__title" id="item_title">농심 멘토스 스파클링워터 딸기 355ml</span></span><span class="box__itemcard-price-area"><span class="box__price-seller"><span class="for-a11y">판매가</span><strong class="text__price-seller">720</strong><span class="text__unit">원</span></span><span class="box__prime-cost"><span class="for-a11y">원가</span><span class="text__unit-cost">(<!-- -->100mL당 203원<!-- -->)</span></span></span><span class="box__itemcard-info-score"><span class="sprite__smilefresh--before box__score-awards"><span class="for-a11y">평점</span><span class="text text__score">4.7</span><span class="for-a11y">후기</span><span class="text text__num">(129)</span><span class="for-a11y">건</span></span><span class="box__score-buycnt"><span class="text text__buy">구매</span><span class="text text__num">1,371</span><span class="for-a11y">건</span></span></span><span class="box__itemcard-benefit-tag"><span class="box__tag box__tag-coupon"><span class="sprite__smilefresh--before box__inner">15% 쿠폰</span></span></span></a><button type="button" class="sprite__smilefresh--after button__favorite-item" aria-describedby="itemCard_title_3780909506" aria-pressed="false" aria-label="관심상품 등록하기"></button></div></div></div></div></li><li class="list-item"><div class="box__itemcard-container"><div class="box__itemcard-body"><div class="box__itemcard-inner"><span class="box__thumbnail__label">83</span><a class="link__itemcard" href="https://item.gmarket.co.kr/Item?goodscode=2518969041" tabindex="-1" aria-hidden="true"><span class="box__itemcard-img"><img class="image__itemcard no-js-400?ver=1725114113" src="data:image/gif;base64,R0lGODlhAQABAIAAAP///wAAACH5BAEAAAAALAAAAAABAAEAAAICRAEAOw==" alt="노브랜드 든든한아침흑미와견과1.5L - 상품 이미지"/><noscript><style>.no-js-400?ver=1725114113 { display: none !important; }</style><img class="image__itemcard" src="https://gdimg.gmarket.co.kr/2518969041/still/400?ver=1725114113" alt="노브랜드 든든한아침흑미와견과1.5L - 상품 이미지"/></noscript></span></a><div class="box__itemcard-info"><div class="box__element-info"><div class="element-info-qty"><button aria-describedby="itemCard_title_2518969041" class="sprite__smilefresh--before element-info-qty-minus" aria-disabled="true"><span class="for-a11y">상품 수 <!-- -->1<!-- --> 감소</span></button><span class="element-info-item-qty" aria-describedby="itemCard_title_2518969041"><span class="for-a11y">선택된 수량</span> <!-- -->1</span><button aria-describedby="itemCard_title_2518969041" class="sprite__smilefresh--before element-info-qty-plus"><span class="for-a11y">상품 수 <!-- -->1<!-- --> 증가</span></button></div><button type="button" class="sprite__smilefresh--before element-info-cart" aria-describedby="itemCard_title_2518969041"><span class="for-a11y">장바구니 담기</span></button></div><a href="https://item.gmarket.co.kr/Item?goodscode=2518969041" class="link__itemcard-info"><span class="box__itemcard-title-area" id="itemCard_title_2518969041"><span class="text__brand"><span class="text">노브랜드</span></span><span class="text__title" id="item_title">노브랜드 든든한아침흑미와견과1.5L</span></span><span class="box__itemcard-price-area"><span class="box__price-seller"><span class="for-a11y">판매가</span><strong class="text__price-seller">1,980</strong><span class="text__unit">원</span></span><span class="box__prime-cost"><span class="for-a11y">원가</span><span class="text__unit-cost">(<!-- -->100mL당 132원<!-- -->)</span></span></span><span class="box__itemcard-info-score"><span class="sprite__smilefresh--before box__score-awards"><span class="for-a11y">평점</span><span class="text text__score">4.7</span><span class="for-a11y">후기</span><span class="text text__num">(944)</span><span class="for-a11y">건</span></span><span class="box__score-buycnt"><span class="text text__buy">구매</span><span class="text text__num">3,593</span><span class="for-a11y">건</span></span></span></a><button type="button" class="sprite__smilefresh--after button__favorite-item" aria-describedby="itemCard_title_2518969041" aria-pressed="false" aria-label="관심상품 등록하기"></button></div></div></div></div></li><li class="list-item"><div class="box__itemcard-container"><div class="box__itemcard-body"><div class="box__itemcard-inner"><span class="box__thumbnail__label">84</span><a class="link__itemcard" href="https://item.gmarket.co.kr/Item?goodscode=2519409327" tabindex="-1" aria-hidden="true"><span class="box__itemcard-img"><img class="image__itemcard no-js-400?ver=1725124352" src="data:image/gif;base64,R0lGODlhAQABAIAAAP///wAAACH5BAEAAAAALAAAAAABAAEAAAICRAEAOw==" alt="스프라이트 제로 1L - 상품 이미지"/><noscript><style>.no-js-400?ver=1725124352 { display: none !important; }</style><img class="image__itemcard" src="https://gdimg.gmarket.co.kr/2519409327/still/400?ver=1725124352" alt="스프라이트 제로 1L - 상품 이미지"/></noscript></span></a><div class="box__itemcard-info"><div class="box__element-info"><div class="element-info-qty"><button aria-describedby="itemCard_title_2519409327" class="sprite__smilefresh--before element-info-qty-minus" aria-disabled="true"><span class="for-a11y">상품 수 <!-- -->1<!-- --> 감소</span></button><span class="element-info-item-qty" aria-describedby="itemCard_title_2519409327"><span class="for-a11y">선택된 수량</span> <!-- -->1</span><button aria-describedby="itemCard_title_2519409327" class="sprite__smilefresh--before element-info-qty-plus"><span class="for-a11y">상품 수 <!-- -->1<!-- --> 증가</span></button></div><button type="button" class="sprite__smilefresh--before element-info-cart" aria-describedby="itemCard_title_2519409327"><span class="for-a11y">장바구니 담기</span></button></div><a href="https://item.gmarket.co.kr/Item?goodscode=2519409327" class="link__itemcard-info"><span class="box__itemcard-title-area" id="itemCard_title_2519409327"><span class="text__brand"><span class="text">스프라이트 제로</span></span><span class="text__title" id="item_title">스프라이트 제로 1L</span></span><span class="box__itemcard-price-area"><span class="box__price-seller"><span class="for-a11y">판매가</span><strong class="text__price-seller">2,380</strong><span class="text__unit">원</span></span><span class="box__prime-cost"><span class="for-a11y">원가</span><span class="text__unit-cost">(<!-- -->100mL당 238원<!-- -->)</span></span></span><span class="box__itemcard-info-score"><span class="sprite__smilefresh--before box__score-awards"><span class="for-a11y">평점</span><span class="text text__score">4.7</span><span class="for-a11y">후기</span><span class="text text__num">(1,684)</span><span class="for-a11y">건</span></span><span class="box__score-buycnt"><span class="text text__buy">구매</span><span class="text text__num">14,046</span><span class="for-a11y">건</span></span></span><span class="box__itemcard-benefit-tag"><span class="box__tag box__tag-coupon"><span class="sprite__smilefresh--before box__inner">15% 쿠폰</span></span></span></a><button type="button" class="sprite__smilefresh--after button__favorite-item" aria-describedby="itemCard_title_2519409327" aria-pressed="false" aria-label="관심상품 등록하기"></button></div></div></div></div></li><li class="list-item"><div class="box__itemcard-container"><div class="box__itemcard-body"><div class="box__itemcard-inner"><span class="box__thumbnail__label">85</span><a class="link__itemcard" href="https://item.gmarket.co.kr/Item?goodscode=2845466808" tabindex="-1" aria-hidden="true"><span class="box__itemcard-img"><img class="image__itemcard no-js-400?ver=1725128301" src="data:image/gif;base64,R0lGODlhAQABAIAAAP///wAAACH5BAEAAAAALAAAAAABAAEAAAICRAEAOw==" alt="노브랜드 스파클링에이드 라임 1L - 상품 이미지"/><noscript><style>.no-js-400?ver=1725128301 { display: none !important; }</style><img class="image__itemcard" src="https://gdimg.gmarket.co.kr/2845466808/still/400?ver=1725128301" alt="노브랜드 스파클링에이드 라임 1L - 상품 이미지"/></noscript></span></a><div class="box__itemcard-info"><div class="box__element-info"><div class="element-info-qty"><button aria-describedby="itemCard_title_2845466808" class="sprite__smilefresh--before element-info-qty-minus" aria-disabled="true"><span class="for-a11y">상품 수 <!-- -->1<!-- --> 감소</span></button><span class="element-info-item-qty" aria-describedby="itemCard_title_2845466808"><span class="for-a11y">선택된 수량</span> <!-- -->1</span><button aria-describedby="itemCard_title_2845466808" class="sprite__smilefresh--before element-info-qty-plus"><span class="for-a11y">상품 수 <!-- -->1<!-- --> 증가</span></button></div><button type="button" class="sprite__smilefresh--before element-info-cart" aria-describedby="itemCard_title_2845466808"><span class="for-a11y">장바구니 담기</span></button></div><a href="https://item.gmarket.co.kr/Item?goodscode=2845466808" class="link__itemcard-info"><span class="box__itemcard-title-area" id="itemCard_title_2845466808"><span class="text__brand"><span class="text">노브랜드</span></span><span class="text__title" id="item_title">노브랜드 스파클링에이드 라임 1L</span></span><span class="box__itemcard-price-area"><span class="box__price-seller"><span class="for-a11y">판매가</span><strong class="text__price-seller">980</strong><span class="text__unit">원</span></span><span class="box__prime-cost"><span class="for-a11y">원가</span><span class="text__unit-cost">(<!-- -->100mL당 98원<!-- -->)</span></span></span><span class="box__itemcard-info-score"><span class="sprite__smilefresh--before box__score-awards"><span class="for-a11y">평점</span><span class="text text__score">4.8</span><span class="for-a11y">후기</span><span class="text text__num">(581)</span><span class="for-a11y">건</span></span><span class="box__score-buycnt"><span class="text text__buy">구매</span><span class="text text__num">3,365</span><span class="for-a11y">건</span></span></span></a><button type="button" class="sprite__smilefresh--after button__favorite-item" aria-describedby="itemCard_title_2845466808" aria-pressed="false" aria-label="관심상품 등록하기"></button></div></div></div></div></li><li class="list-item"><div class="box__itemcard-container"><div class="box__itemcard-body"><div class="box__itemcard-inner"><span class="box__thumbnail__label">86</span><a class="link__itemcard" href="https://item.gmarket.co.kr/Item?goodscode=2522437151" tabindex="-1" aria-hidden="true"><span class="box__itemcard-img"><img class="image__itemcard no-js-400?ver=1705552636" src="data:image/gif;base64,R0lGODlhAQABAIAAAP///wAAACH5BAEAAAAALAAAAAABAAEAAAICRAEAOw==" alt="삼다수 330ml - 상품 이미지"/><noscript><style>.no-js-400?ver=1705552636 { display: none !important; }</style><img class="image__itemcard" src="https://gdimg.gmarket.co.kr/2522437151/still/400?ver=1705552636" alt="삼다수 330ml - 상품 이미지"/></noscript></span></a><div class="box__itemcard-info"><div class="box__element-info"><div class="element-info-qty"><button aria-describedby="itemCard_title_2522437151" class="sprite__smilefresh--before element-info-qty-minus" aria-disabled="true"><span class="for-a11y">상품 수 <!-- -->4<!-- --> 감소</span></button><span class="element-info-item-qty" aria-describedby="itemCard_title_2522437151"><span class="for-a11y">선택된 수량</span> <!-- -->4</span><button aria-describedby="itemCard_title_2522437151" class="sprite__smilefresh--before element-info-qty-plus"><span class="for-a11y">상품 수 <!-- -->4<!-- --> 증가</span></button></div><button type="button" class="sprite__smilefresh--before element-info-cart" aria-describedby="itemCard_title_2522437151"><span class="for-a11y">장바구니 담기</span></button></div><a href="https://item.gmarket.co.kr/Item?goodscode=2522437151" class="link__itemcard-info"><span class="box__itemcard-title-area" id="itemCard_title_2522437151"><span class="text__brand"><span class="text">제주삼다수</span></span><span class="text__title" id="item_title">삼다수 330ml</span></span><span class="box__itemcard-price-area"><span class="box__price-seller"><span class="for-a11y">판매가</span><strong class="text__price-seller">430</strong><span class="text__unit">원</span></span></span><span class="box__itemcard-info-score"><span class="sprite__smilefresh--before box__score-awards"><span class="for-a11y">평점</span><span class="text text__score">4.7</span><span class="for-a11y">후기</span><span class="text text__num">(796)</span><span class="for-a11y">건</span></span><span class="box__score-buycnt"><span class="text text__buy">구매</span><span class="text text__num">78,720</span><span class="for-a11y">건</span></span></span><span class="box__itemcard-benefit-tag"><span class="box__tag box__tag-coupon"><span class="sprite__smilefresh--before box__inner">15% 쿠폰</span></span></span></a><button type="button" class="sprite__smilefresh--after button__favorite-item" aria-describedby="itemCard_title_2522437151" aria-pressed="false" aria-label="관심상품 등록하기"></button></div></div></div></div></li><li class="list-item"><div class="box__itemcard-container"><div class="box__itemcard-body"><div class="box__itemcard-inner"><span class="box__thumbnail__label">87</span><a class="link__itemcard" href="https://item.gmarket.co.kr/Item?goodscode=2518766126" tabindex="-1" aria-hidden="true"><span class="box__itemcard-img"><img class="image__itemcard no-js-400?ver=1725582085" src="data:image/gif;base64,R0lGODlhAQABAIAAAP///wAAACH5BAEAAAAALAAAAAABAAEAAAICRAEAOw==" alt="광동 비타500 (180ml10개) - 상품 이미지"/><noscript><style>.no-js-400?ver=1725582085 { display: none !important; }</style><img class="image__itemcard" src="https://gdimg.gmarket.co.kr/2518766126/still/400?ver=1725582085" alt="광동 비타500 (180ml10개) - 상품 이미지"/></noscript></span></a><div class="box__itemcard-info"><div class="box__element-info"><div class="element-info-qty"><button aria-describedby="itemCard_title_2518766126" class="sprite__smilefresh--before element-info-qty-minus" aria-disabled="true"><span class="for-a11y">상품 수 <!-- -->1<!-- --> 감소</span></button><span class="element-info-item-qty" aria-describedby="itemCard_title_2518766126"><span class="for-a11y">선택된 수량</span> <!-- -->1</span><button aria-describedby="itemCard_title_2518766126" class="sprite__smilefresh--before element-info-qty-plus"><span class="for-a11y">상품 수 <!-- -->1<!-- --> 증가</span></button></div><button type="button" class="sprite__smilefresh--before element-info-cart" aria-describedby="itemCard_title_2518766126"><span class="for-a11y">장바구니 담기</span></button></div><a href="https://item.gmarket.co.kr/Item?goodscode=2518766126" class="link__itemcard-info"><span class="box__itemcard-title-area" id="itemCard_title_2518766126"><span class="text__brand"><span class="text">광동</span></span><span class="text__title" id="item_title">광동 비타500 (180ml10개)</span></span><span class="box__itemcard-price-area"><span class="box__price-seller"><span class="for-a11y">판매가</span><strong class="text__price-seller">14,800</strong><span class="text__unit">원</span></span><span class="box__prime-cost"><span class="for-a11y">원가</span><span class="text__unit-cost">(<!-- -->100mL당 822원<!-- -->)</span></span></span><span class="box__itemcard-info-score"><span class="sprite__smilefresh--before box__score-awards"><span class="for-a11y">평점</span><span class="text text__score">4.8</span><span class="for-a11y">후기</span><span class="text text__num">(330)</span><span class="for-a11y">건</span></span><span class="box__score-buycnt"><span class="text text__buy">구매</span><span class="text text__num">1,427</span><span class="for-a11y">건</span></span></span><span class="box__itemcard-benefit-tag"><span class="box__tag box__tag-coupon"><span class="sprite__smilefresh--before box__inner">15% 쿠폰</span></span></span></a><button type="button" class="sprite__smilefresh--after button__favorite-item" aria-describedby="itemCard_title_2518766126" aria-pressed="false" aria-label="관심상품 등록하기"></button></div></div></div></div></li><li class="list-item"><div class="box__itemcard-container"><div class="box__itemcard-body"><div class="box__itemcard-inner"><span class="box__thumbnail__label">88</span><a class="link__itemcard" href="https://item.gmarket.co.kr/Item?goodscode=2522457336" tabindex="-1" aria-hidden="true"><span class="box__itemcard-img"><img class="image__itemcard no-js-400?ver=1725101533" src="data:image/gif;base64,R0lGODlhAQABAIAAAP///wAAACH5BAEAAAAALAAAAAABAAEAAAICRAEAOw==" alt="델몬트 드링크 버라이어티팩 (오렌지+포도+망고+사과) 190㎖12팩 - 상품 이미지"/><noscript><style>.no-js-400?ver=1725101533 { display: none !important; }</style><img class="image__itemcard" src="https://gdimg.gmarket.co.kr/2522457336/still/400?ver=1725101533" alt="델몬트 드링크 버라이어티팩 (오렌지+포도+망고+사과) 190㎖12팩 - 상품 이미지"/></noscript></span></a><div class="box__itemcard-info"><div class="box__element-info"><div class="element-info-qty"><button aria-describedby="itemCard_title_2522457336" class="sprite__smilefresh--before element-info-qty-minus" aria-disabled="true"><span class="for-a11y">상품 수 <!-- -->1<!-- --> 감소</span></button><span class="element-info-item-qty" aria-describedby="itemCard_title_2522457336"><span class="for-a11y">선택된 수량</span> <!-- -->1</span><button aria-describedby="itemCard_title_2522457336" class="sprite__smilefresh--before element-info-qty-plus"><span class="for-a11y">상품 수 <!-- -->1<!-- --> 증가</span></button></div><button type="button" class="sprite__smilefresh--before element-info-cart" aria-describedby="itemCard_title_2522457336"><span class="for-a11y">장바구니 담기</span></button></div><a href="https://item.gmarket.co.kr/Item?goodscode=2522457336" class="link__itemcard-info"><span class="box__itemcard-title-area" id="itemCard_title_2522457336"><span class="text__brand"><span class="text">롯데칠성</span></span><span class="text__title" id="item_title">델몬트 드링크 버라이어티팩 (오렌지+포도+망고+사과) 190㎖12팩</span></span><span class="box__itemcard-price-area"><span class="box__price-seller"><span class="for-a11y">판매가</span><strong class="text__price-seller">5,480</strong><span class="text__unit">원</span></span><span class="box__prime-cost"><span class="for-a11y">원가</span><span class="text__unit-cost">(<!-- -->100mL당 240원<!-- -->)</span></span></span><span class="box__itemcard-info-score"><span class="sprite__smilefresh--before box__score-awards"><span class="for-a11y">평점</span><span class="text text__score">4.8</span><span class="for-a11y">후기</span><span class="text text__num">(661)</span><span class="for-a11y">건</span></span><span class="box__score-buycnt"><span class="text text__buy">구매</span><span class="text text__num">2,620</span><span class="for-a11y">건</span></span></span><span class="box__itemcard-benefit-tag"><span class="box__tag box__tag-coupon"><span class="sprite__smilefresh--before box__inner">15% 쿠폰</span></span></span></a><button type="button" class="sprite__smilefresh--after button__favorite-item" aria-describedby="itemCard_title_2522457336" aria-pressed="false" aria-label="관심상품 등록하기"></button></div></div></div></div></li><li class="list-item"><div class="box__itemcard-container"><div class="box__itemcard-body"><div class="box__itemcard-inner"><span class="box__thumbnail__label">89</span><a class="link__itemcard" href="https://item.gmarket.co.kr/Item?goodscode=2523301324" tabindex="-1" aria-hidden="true"><span class="box__itemcard-img"><img class="image__itemcard no-js-400?ver=1725121315" src="data:image/gif;base64,R0lGODlhAQABAIAAAP///wAAACH5BAEAAAAALAAAAAABAAEAAAICRAEAOw==" alt="파머스에이드바청귤1.0팩 - 상품 이미지"/><noscript><style>.no-js-400?ver=1725121315 { display: none !important; }</style><img class="image__itemcard" src="https://gdimg.gmarket.co.kr/2523301324/still/400?ver=1725121315" alt="파머스에이드바청귤1.0팩 - 상품 이미지"/></noscript></span></a><div class="box__itemcard-info"><div class="box__element-info"><div class="element-info-qty"><button aria-describedby="itemCard_title_2523301324" class="sprite__smilefresh--before element-info-qty-minus" aria-disabled="true"><span class="for-a11y">상품 수 <!-- -->1<!-- --> 감소</span></button><span class="element-info-item-qty" aria-describedby="itemCard_title_2523301324"><span class="for-a11y">선택된 수량</span> <!-- -->1</span><button aria-describedby="itemCard_title_2523301324" class="sprite__smilefresh--before element-info-qty-plus"><span class="for-a11y">상품 수 <!-- -->1<!-- --> 증가</span></button></div><button type="button" class="sprite__smilefresh--before element-info-cart" aria-describedby="itemCard_title_2523301324"><span class="for-a11y">장바구니 담기</span></button></div><a href="https://item.gmarket.co.kr/Item?goodscode=2523301324" class="link__itemcard-info"><span class="box__itemcard-title-area" id="itemCard_title_2523301324"><span class="text__title" id="item_title">파머스에이드바청귤1.0팩</span></span><span class="box__itemcard-price-area"><span class="box__price-seller"><span class="for-a11y">판매가</span><strong class="text__price-seller">5,180</strong><span class="text__unit">원</span></span></span><span class="box__itemcard-info-score"><span class="sprite__smilefresh--before box__score-awards"><span class="for-a11y">평점</span><span class="text text__score">4.8</span><span class="for-a11y">후기</span><span class="text text__num">(344)</span><span class="for-a11y">건</span></span><span class="box__score-buycnt"><span class="text text__buy">구매</span><span class="text text__num">1,929</span><span class="for-a11y">건</span></span></span><span class="box__itemcard-benefit-tag"><span class="box__tag box__tag-coupon"><span class="sprite__smilefresh--before box__inner">15% 쿠폰</span></span></span></a><button type="button" class="sprite__smilefresh--after button__favorite-item" aria-describedby="itemCard_title_2523301324" aria-pressed="false" aria-label="관심상품 등록하기"></button></div></div></div></div></li><li class="list-item"><div class="box__itemcard-container"><div class="box__itemcard-body"><div class="box__itemcard-inner"><span class="box__thumbnail__label">90</span><a class="link__itemcard" href="https://item.gmarket.co.kr/Item?goodscode=2537367842" tabindex="-1" aria-hidden="true"><span class="box__itemcard-img"><img class="image__itemcard no-js-400?ver=1725088227" src="data:image/gif;base64,R0lGODlhAQABAIAAAP///wAAACH5BAEAAAAALAAAAAABAAEAAAICRAEAOw==" alt="웰치스 웰치 그레이프맛 (355ml6개) - 상품 이미지"/><noscript><style>.no-js-400?ver=1725088227 { display: none !important; }</style><img class="image__itemcard" src="https://gdimg.gmarket.co.kr/2537367842/still/400?ver=1725088227" alt="웰치스 웰치 그레이프맛 (355ml6개) - 상품 이미지"/></noscript></span></a><div class="box__itemcard-info"><div class="box__element-info"><div class="element-info-qty"><button aria-describedby="itemCard_title_2537367842" class="sprite__smilefresh--before element-info-qty-minus" aria-disabled="true"><span class="for-a11y">상품 수 <!-- -->1<!-- --> 감소</span></button><span class="element-info-item-qty" aria-describedby="itemCard_title_2537367842"><span class="for-a11y">선택된 수량</span> <!-- -->1</span><button aria-describedby="itemCard_title_2537367842" class="sprite__smilefresh--before element-info-qty-plus"><span class="for-a11y">상품 수 <!-- -->1<!-- --> 증가</span></button></div><button type="button" class="sprite__smilefresh--before element-info-cart" aria-describedby="itemCard_title_2537367842"><span class="for-a11y">장바구니 담기</span></button></div><a href="https://item.gmarket.co.kr/Item?goodscode=2537367842" class="link__itemcard-info"><span class="box__itemcard-title-area" id="itemCard_title_2537367842"><span class="text__brand"><span class="text">웰치스</span></span><span class="text__title" id="item_title">웰치스 웰치 그레이프맛 (355ml6개)</span></span><span class="box__itemcard-price-area"><span class="box__price-seller"><span class="for-a11y">판매가</span><strong class="text__price-seller">5,680</strong><span class="text__unit">원</span></span><span class="box__prime-cost"><span class="for-a11y">원가</span><span class="text__unit-cost">(<!-- -->100mL당 267원<!-- -->)</span></span></span><span class="box__itemcard-info-score"><span class="sprite__smilefresh--before box__score-awards"><span class="for-a11y">평점</span><span class="text text__score">4.8</span><span class="for-a11y">후기</span><span class="text text__num">(286)</span><span class="for-a11y">건</span></span><span class="box__score-buycnt"><span class="text text__buy">구매</span><span class="text text__num">1,598</span><span class="for-a11y">건</span></span></span><span class="box__itemcard-benefit-tag"><span class="box__tag box__tag-coupon"><span class="sprite__smilefresh--before box__inner">15% 쿠폰</span></span></span></a><button type="button" class="sprite__smilefresh--after button__favorite-item" aria-describedby="itemCard_title_2537367842" aria-pressed="false" aria-label="관심상품 등록하기"></button></div></div></div></div></li><li class="list-item"><div class="box__itemcard-container"><div class="box__itemcard-body"><div class="box__itemcard-inner"><span class="box__thumbnail__label">91</span><a class="link__itemcard" href="https://item.gmarket.co.kr/Item?goodscode=2804990320" tabindex="-1" aria-hidden="true"><span class="box__itemcard-img"><img class="image__itemcard no-js-400?ver=1725131009" src="data:image/gif;base64,R0lGODlhAQABAIAAAP///wAAACH5BAEAAAAALAAAAAABAAEAAAICRAEAOw==" alt="노브랜드 스파클링에이드 백포도 1L - 상품 이미지"/><noscript><style>.no-js-400?ver=1725131009 { display: none !important; }</style><img class="image__itemcard" src="https://gdimg.gmarket.co.kr/2804990320/still/400?ver=1725131009" alt="노브랜드 스파클링에이드 백포도 1L - 상품 이미지"/></noscript></span></a><div class="box__itemcard-info"><div class="box__element-info"><div class="element-info-qty"><button aria-describedby="itemCard_title_2804990320" class="sprite__smilefresh--before element-info-qty-minus" aria-disabled="true"><span class="for-a11y">상품 수 <!-- -->1<!-- --> 감소</span></button><span class="element-info-item-qty" aria-describedby="itemCard_title_2804990320"><span class="for-a11y">선택된 수량</span> <!-- -->1</span><button aria-describedby="itemCard_title_2804990320" class="sprite__smilefresh--before element-info-qty-plus"><span class="for-a11y">상품 수 <!-- -->1<!-- --> 증가</span></button></div><button type="button" class="sprite__smilefresh--before element-info-cart" aria-describedby="itemCard_title_2804990320"><span class="for-a11y">장바구니 담기</span></button></div><a href="https://item.gmarket.co.kr/Item?goodscode=2804990320" class="link__itemcard-info"><span class="box__itemcard-title-area" id="itemCard_title_2804990320"><span class="text__brand"><span class="text">노브랜드</span></span><span class="text__title" id="item_title">노브랜드 스파클링에이드 백포도 1L</span></span><span class="box__itemcard-price-area"><span class="box__price-seller"><span class="for-a11y">판매가</span><strong class="text__price-seller">980</strong><span class="text__unit">원</span></span><span class="box__prime-cost"><span class="for-a11y">원가</span><span class="text__unit-cost">(<!-- -->100mL당 98원<!-- -->)</span></span></span><span class="box__itemcard-info-score"><span class="sprite__smilefresh--before box__score-awards"><span class="for-a11y">평점</span><span class="text text__score">4.8</span><span class="for-a11y">후기</span><span class="text text__num">(872)</span><span class="for-a11y">건</span></span><span class="box__score-buycnt"><span class="text text__buy">구매</span><span class="text text__num">4,424</span><span class="for-a11y">건</span></span></span></a><button type="button" class="sprite__smilefresh--after button__favorite-item" aria-describedby="itemCard_title_2804990320" aria-pressed="false" aria-label="관심상품 등록하기"></button></div></div></div></div></li><li class="list-item"><div class="box__itemcard-container"><div class="box__itemcard-body"><div class="box__itemcard-inner"><span class="box__thumbnail__label">92</span><a class="link__itemcard" href="https://item.gmarket.co.kr/Item?goodscode=2518579992" tabindex="-1" aria-hidden="true"><span class="box__itemcard-img"><img class="image__itemcard no-js-400?ver=1725090968" src="data:image/gif;base64,R0lGODlhAQABAIAAAP///wAAACH5BAEAAAAALAAAAAABAAEAAAICRAEAOw==" alt="롯데 칠성 사이다 1.5L +펩시 콜라 1.5L - 상품 이미지"/><noscript><style>.no-js-400?ver=1725090968 { display: none !important; }</style><img class="image__itemcard" src="https://gdimg.gmarket.co.kr/2518579992/still/400?ver=1725090968" alt="롯데 칠성 사이다 1.5L +펩시 콜라 1.5L - 상품 이미지"/></noscript></span></a><div class="box__itemcard-info"><div class="box__element-info"><div class="element-info-qty"><button aria-describedby="itemCard_title_2518579992" class="sprite__smilefresh--before element-info-qty-minus" aria-disabled="true"><span class="for-a11y">상품 수 <!-- -->1<!-- --> 감소</span></button><span class="element-info-item-qty" aria-describedby="itemCard_title_2518579992"><span class="for-a11y">선택된 수량</span> <!-- -->1</span><button aria-describedby="itemCard_title_2518579992" class="sprite__smilefresh--before element-info-qty-plus"><span class="for-a11y">상품 수 <!-- -->1<!-- --> 증가</span></button></div><button type="button" class="sprite__smilefresh--before element-info-cart" aria-describedby="itemCard_title_2518579992"><span class="for-a11y">장바구니 담기</span></button></div><a href="https://item.gmarket.co.kr/Item?goodscode=2518579992" class="link__itemcard-info"><span class="box__itemcard-title-area" id="itemCard_title_2518579992"><span class="text__brand"><span class="text">롯데칠성</span></span><span class="text__title" id="item_title">롯데 칠성 사이다 1.5L +펩시 콜라 1.5L</span></span><span class="box__itemcard-price-area"><span class="box__price-seller"><span class="for-a11y">판매가</span><strong class="text__price-seller">3,980</strong><span class="text__unit">원</span></span></span><span class="box__itemcard-info-score"><span class="sprite__smilefresh--before box__score-awards"><span class="for-a11y">평점</span><span class="text text__score">4.8</span><span class="for-a11y">후기</span><span class="text text__num">(683)</span><span class="for-a11y">건</span></span><span class="box__score-buycnt"><span class="text text__buy">구매</span><span class="text text__num">2,916</span><span class="for-a11y">건</span></span></span><span class="box__itemcard-benefit-tag"><span class="box__tag box__tag-coupon"><span class="sprite__smilefresh--before box__inner">15% 쿠폰</span></span></span></a><button type="button" class="sprite__smilefresh--after button__favorite-item" aria-describedby="itemCard_title_2518579992" aria-pressed="false" aria-label="관심상품 등록하기"></button></div></div></div></div></li><li class="list-item"><div class="box__itemcard-container"><div class="box__itemcard-body"><div class="box__itemcard-inner"><span class="box__thumbnail__label">93</span><a class="link__itemcard" href="https://item.gmarket.co.kr/Item?goodscode=2525837346" tabindex="-1" aria-hidden="true"><span class="box__itemcard-img"><img class="image__itemcard no-js-400?ver=1725122742" src="data:image/gif;base64,R0lGODlhAQABAIAAAP///wAAACH5BAEAAAAALAAAAAABAAEAAAICRAEAOw==" alt="웅진_옥수수수염차 1.35L - 상품 이미지"/><noscript><style>.no-js-400?ver=1725122742 { display: none !important; }</style><img class="image__itemcard" src="https://gdimg.gmarket.co.kr/2525837346/still/400?ver=1725122742" alt="웅진_옥수수수염차 1.35L - 상품 이미지"/></noscript></span></a><div class="box__itemcard-info"><div class="box__element-info"><div class="element-info-qty"><button aria-describedby="itemCard_title_2525837346" class="sprite__smilefresh--before element-info-qty-minus" aria-disabled="true"><span class="for-a11y">상품 수 <!-- -->1<!-- --> 감소</span></button><span class="element-info-item-qty" aria-describedby="itemCard_title_2525837346"><span class="for-a11y">선택된 수량</span> <!-- -->1</span><button aria-describedby="itemCard_title_2525837346" class="sprite__smilefresh--before element-info-qty-plus"><span class="for-a11y">상품 수 <!-- -->1<!-- --> 증가</span></button></div><button type="button" class="sprite__smilefresh--before element-info-cart" aria-describedby="itemCard_title_2525837346"><span class="for-a11y">장바구니 담기</span></button></div><a href="https://item.gmarket.co.kr/Item?goodscode=2525837346" class="link__itemcard-info"><span class="box__itemcard-title-area" id="itemCard_title_2525837346"><span class="text__brand"><span class="text">웅진</span></span><span class="text__title" id="item_title">웅진_옥수수수염차 1.35L</span></span><span class="box__itemcard-price-area"><span class="box__price-seller"><span class="for-a11y">판매가</span><strong class="text__price-seller">2,080</strong><span class="text__unit">원</span></span><span class="box__prime-cost"><span class="for-a11y">원가</span><span class="text__unit-cost">(<!-- -->100mL당 154원<!-- -->)</span></span></span><span class="box__itemcard-info-score"><span class="sprite__smilefresh--before box__score-awards"><span class="for-a11y">평점</span><span class="text text__score">4.7</span><span class="for-a11y">후기</span><span class="text text__num">(364)</span><span class="for-a11y">건</span></span><span class="box__score-buycnt"><span class="text text__buy">구매</span><span class="text text__num">2,271</span><span class="for-a11y">건</span></span></span><span class="box__itemcard-benefit-tag"><span class="box__tag box__tag-coupon"><span class="sprite__smilefresh--before box__inner">15% 쿠폰</span></span></span></a><button type="button" class="sprite__smilefresh--after button__favorite-item" aria-describedby="itemCard_title_2525837346" aria-pressed="false" aria-label="관심상품 등록하기"></button></div></div></div></div></li><li class="list-item"><div class="box__itemcard-container"><div class="box__itemcard-body"><div class="box__itemcard-inner"><span class="box__thumbnail__label">94</span><a class="link__itemcard" href="https://item.gmarket.co.kr/Item?goodscode=3119336115" tabindex="-1" aria-hidden="true"><span class="box__itemcard-img"><img class="image__itemcard no-js-400?ver=1725132268" src="data:image/gif;base64,R0lGODlhAQABAIAAAP///wAAACH5BAEAAAAALAAAAAABAAEAAAICRAEAOw==" alt="파워에이드 제로 1.5L - 상품 이미지"/><noscript><style>.no-js-400?ver=1725132268 { display: none !important; }</style><img class="image__itemcard" src="https://gdimg.gmarket.co.kr/3119336115/still/400?ver=1725132268" alt="파워에이드 제로 1.5L - 상품 이미지"/></noscript></span></a><div class="box__itemcard-info"><div class="box__element-info"><div class="element-info-qty"><button aria-describedby="itemCard_title_3119336115" class="sprite__smilefresh--before element-info-qty-minus" aria-disabled="true"><span class="for-a11y">상품 수 <!-- -->1<!-- --> 감소</span></button><span class="element-info-item-qty" aria-describedby="itemCard_title_3119336115"><span class="for-a11y">선택된 수량</span> <!-- -->1</span><button aria-describedby="itemCard_title_3119336115" class="sprite__smilefresh--before element-info-qty-plus"><span class="for-a11y">상품 수 <!-- -->1<!-- --> 증가</span></button></div><button type="button" class="sprite__smilefresh--before element-info-cart" aria-describedby="itemCard_title_3119336115"><span class="for-a11y">장바구니 담기</span></button></div><a href="https://item.gmarket.co.kr/Item?goodscode=3119336115" class="link__itemcard-info"><span class="box__itemcard-title-area" id="itemCard_title_3119336115"><span class="text__brand"><span class="text">파워에이드 제로</span></span><span class="text__title" id="item_title">파워에이드 제로 1.5L</span></span><span class="box__itemcard-price-area"><span class="box__price-seller"><span class="for-a11y">판매가</span><strong class="text__price-seller">1,880</strong><span class="text__unit">원</span></span><span class="box__prime-cost"><span class="for-a11y">원가</span><span class="text__unit-cost">(<!-- -->100mL당 125원<!-- -->)</span></span></span><span class="box__itemcard-info-score"><span class="sprite__smilefresh--before box__score-awards"><span class="for-a11y">평점</span><span class="text text__score">4.8</span><span class="for-a11y">후기</span><span class="text text__num">(468)</span><span class="for-a11y">건</span></span><span class="box__score-buycnt"><span class="text text__buy">구매</span><span class="text text__num">4,177</span><span class="for-a11y">건</span></span></span><span class="box__itemcard-benefit-tag"><span class="box__tag box__tag-coupon"><span class="sprite__smilefresh--before box__inner">15% 쿠폰</span></span></span></a><button type="button" class="sprite__smilefresh--after button__favorite-item" aria-describedby="itemCard_title_3119336115" aria-pressed="false" aria-label="관심상품 등록하기"></button></div></div></div></div></li><li class="list-item"><div class="box__itemcard-container"><div class="box__itemcard-body"><div class="box__itemcard-inner"><span class="box__thumbnail__label">95</span><a class="link__itemcard" href="https://item.gmarket.co.kr/Item?goodscode=2859409567" tabindex="-1" aria-hidden="true"><span class="box__itemcard-img"><img class="image__itemcard no-js-400?ver=1725129749" src="data:image/gif;base64,R0lGODlhAQABAIAAAP///wAAACH5BAEAAAAALAAAAAABAAEAAAICRAEAOw==" alt="티즐 제로 피치얼그레이 500ml - 상품 이미지"/><noscript><style>.no-js-400?ver=1725129749 { display: none !important; }</style><img class="image__itemcard" src="https://gdimg.gmarket.co.kr/2859409567/still/400?ver=1725129749" alt="티즐 제로 피치얼그레이 500ml - 상품 이미지"/></noscript></span></a><div class="box__itemcard-info"><div class="box__element-info"><div class="element-info-qty"><button aria-describedby="itemCard_title_2859409567" class="sprite__smilefresh--before element-info-qty-minus" aria-disabled="true"><span class="for-a11y">상품 수 <!-- -->1<!-- --> 감소</span></button><span class="element-info-item-qty" aria-describedby="itemCard_title_2859409567"><span class="for-a11y">선택된 수량</span> <!-- -->1</span><button aria-describedby="itemCard_title_2859409567" class="sprite__smilefresh--before element-info-qty-plus"><span class="for-a11y">상품 수 <!-- -->1<!-- --> 증가</span></button></div><button type="button" class="sprite__smilefresh--before element-info-cart" aria-describedby="itemCard_title_2859409567"><span class="for-a11y">장바구니 담기</span></button></div><a href="https://item.gmarket.co.kr/Item?goodscode=2859409567" class="link__itemcard-info"><span class="box__itemcard-title-area" id="itemCard_title_2859409567"><span class="text__brand"><span class="text">웅진</span></span><span class="text__title" id="item_title">티즐 제로 피치얼그레이 500ml</span></span><span class="box__itemcard-price-area"><span class="box__price-seller"><span class="for-a11y">판매가</span><strong class="text__price-seller">1,680</strong><span class="text__unit">원</span></span><span class="box__prime-cost"><span class="for-a11y">원가</span><span class="text__unit-cost">(<!-- -->100mL당 336원<!-- -->)</span></span></span><span class="box__itemcard-info-score"><span class="sprite__smilefresh--before box__score-awards"><span class="for-a11y">평점</span><span class="text text__score">4.8</span><span class="for-a11y">후기</span><span class="text text__num">(629)</span><span class="for-a11y">건</span></span><span class="box__score-buycnt"><span class="text text__buy">구매</span><span class="text text__num">4,598</span><span class="for-a11y">건</span></span></span><span class="box__itemcard-benefit-tag"><span class="box__tag box__tag-coupon"><span class="sprite__smilefresh--before box__inner">15% 쿠폰</span></span></span></a><button type="button" class="sprite__smilefresh--after button__favorite-item" aria-describedby="itemCard_title_2859409567" aria-pressed="false" aria-label="관심상품 등록하기"></button></div></div></div></div></li><li class="list-item"><div class="box__itemcard-container"><div class="box__itemcard-body"><div class="box__itemcard-inner"><span class="box__thumbnail__label">96</span><a class="link__itemcard" href="https://item.gmarket.co.kr/Item?goodscode=3038763656" tabindex="-1" aria-hidden="true"><span class="box__itemcard-img"><img class="image__itemcard no-js-400?ver=1725133716" src="data:image/gif;base64,R0lGODlhAQABAIAAAP///wAAACH5BAEAAAAALAAAAAABAAEAAAICRAEAOw==" alt="캐치 티니핑 사과맛 200㎖ - 상품 이미지"/><noscript><style>.no-js-400?ver=1725133716 { display: none !important; }</style><img class="image__itemcard" src="https://gdimg.gmarket.co.kr/3038763656/still/400?ver=1725133716" alt="캐치 티니핑 사과맛 200㎖ - 상품 이미지"/></noscript></span></a><div class="box__itemcard-info"><div class="box__element-info"><div class="element-info-qty"><button aria-describedby="itemCard_title_3038763656" class="sprite__smilefresh--before element-info-qty-minus" aria-disabled="true"><span class="for-a11y">상품 수 <!-- -->1<!-- --> 감소</span></button><span class="element-info-item-qty" aria-describedby="itemCard_title_3038763656"><span class="for-a11y">선택된 수량</span> <!-- -->1</span><button aria-describedby="itemCard_title_3038763656" class="sprite__smilefresh--before element-info-qty-plus"><span class="for-a11y">상품 수 <!-- -->1<!-- --> 증가</span></button></div><button type="button" class="sprite__smilefresh--before element-info-cart" aria-describedby="itemCard_title_3038763656"><span class="for-a11y">장바구니 담기</span></button></div><a href="https://item.gmarket.co.kr/Item?goodscode=3038763656" class="link__itemcard-info"><span class="box__itemcard-title-area" id="itemCard_title_3038763656"><span class="text__title" id="item_title">캐치 티니핑 사과맛 200㎖</span></span><span class="box__itemcard-price-area"><span class="box__price-seller"><span class="for-a11y">판매가</span><strong class="text__price-seller">1,280</strong><span class="text__unit">원</span></span></span><span class="box__itemcard-info-score"><span class="sprite__smilefresh--before box__score-awards"><span class="for-a11y">평점</span><span class="text text__score">4.7</span><span class="for-a11y">후기</span><span class="text text__num">(113)</span><span class="for-a11y">건</span></span><span class="box__score-buycnt"><span class="text text__buy">구매</span><span class="text text__num">1,159</span><span class="for-a11y">건</span></span></span><span class="box__itemcard-benefit-tag"><span class="box__tag box__tag-coupon"><span class="sprite__smilefresh--before box__inner">15% 쿠폰</span></span></span></a><button type="button" class="sprite__smilefresh--after button__favorite-item" aria-describedby="itemCard_title_3038763656" aria-pressed="false" aria-label="관심상품 등록하기"></button></div></div></div></div></li><li class="list-item"><div class="box__itemcard-container"><div class="box__itemcard-body"><div class="box__itemcard-inner"><span class="box__thumbnail__label">97</span><a class="link__itemcard" href="https://item.gmarket.co.kr/Item?goodscode=3038763888" tabindex="-1" aria-hidden="true"><span class="box__itemcard-img"><img class="image__itemcard no-js-400?ver=1725133716" src="data:image/gif;base64,R0lGODlhAQABAIAAAP///wAAACH5BAEAAAAALAAAAAABAAEAAAICRAEAOw==" alt="캐치 티니핑 딸기맛 200㎖ - 상품 이미지"/><noscript><style>.no-js-400?ver=1725133716 { display: none !important; }</style><img class="image__itemcard" src="https://gdimg.gmarket.co.kr/3038763888/still/400?ver=1725133716" alt="캐치 티니핑 딸기맛 200㎖ - 상품 이미지"/></noscript></span></a><div class="box__itemcard-info"><div class="box__element-info"><div class="element-info-qty"><button aria-describedby="itemCard_title_3038763888" class="sprite__smilefresh--before element-info-qty-minus" aria-disabled="true"><span class="for-a11y">상품 수 <!-- -->1<!-- --> 감소</span></button><span class="element-info-item-qty" aria-describedby="itemCard_title_3038763888"><span class="for-a11y">선택된 수량</span> <!-- -->1</span><button aria-describedby="itemCard_title_3038763888" class="sprite__smilefresh--before element-info-qty-plus"><span class="for-a11y">상품 수 <!-- -->1<!-- --> 증가</span></button></div><button type="button" class="sprite__smilefresh--before element-info-cart" aria-describedby="itemCard_title_3038763888"><span class="for-a11y">장바구니 담기</span></button></div><a href="https://item.gmarket.co.kr/Item?goodscode=3038763888" class="link__itemcard-info"><span class="box__itemcard-title-area" id="itemCard_title_3038763888"><span class="text__title" id="item_title">캐치 티니핑 딸기맛 200㎖</span></span><span class="box__itemcard-price-area"><span class="box__price-seller"><span class="for-a11y">판매가</span><strong class="text__price-seller">1,280</strong><span class="text__unit">원</span></span></span><span class="box__itemcard-info-score"><span class="sprite__smilefresh--before box__score-awards"><span class="for-a11y">평점</span><span class="text text__score">4.8</span><span class="for-a11y">후기</span><span class="text text__num">(143)</span><span class="for-a11y">건</span></span><span class="box__score-buycnt"><span class="text text__buy">구매</span><span class="text text__num">1,522</span><span class="for-a11y">건</span></span></span><span class="box__itemcard-benefit-tag"><span class="box__tag box__tag-coupon"><span class="sprite__smilefresh--before box__inner">15% 쿠폰</span></span></span></a><button type="button" class="sprite__smilefresh--after button__favorite-item" aria-describedby="itemCard_title_3038763888" aria-pressed="false" aria-label="관심상품 등록하기"></button></div></div></div></div></li><li class="list-item"><div class="box__itemcard-container"><div class="box__itemcard-body"><div class="box__itemcard-inner"><span class="box__thumbnail__label">98</span><a class="link__itemcard" href="https://item.gmarket.co.kr/Item?goodscode=2522288504" tabindex="-1" aria-hidden="true"><span class="box__itemcard-img"><img class="image__itemcard no-js-400?ver=1725099632" src="data:image/gif;base64,R0lGODlhAQABAIAAAP///wAAACH5BAEAAAAALAAAAAABAAEAAAICRAEAOw==" alt="피코크 블렌디드 딸기 870ml - 상품 이미지"/><noscript><style>.no-js-400?ver=1725099632 { display: none !important; }</style><img class="image__itemcard" src="https://gdimg.gmarket.co.kr/2522288504/still/400?ver=1725099632" alt="피코크 블렌디드 딸기 870ml - 상품 이미지"/></noscript></span></a><div class="box__itemcard-info"><div class="box__element-info"><div class="element-info-qty"><button aria-describedby="itemCard_title_2522288504" class="sprite__smilefresh--before element-info-qty-minus" aria-disabled="true"><span class="for-a11y">상품 수 <!-- -->1<!-- --> 감소</span></button><span class="element-info-item-qty" aria-describedby="itemCard_title_2522288504"><span class="for-a11y">선택된 수량</span> <!-- -->1</span><button aria-describedby="itemCard_title_2522288504" class="sprite__smilefresh--before element-info-qty-plus"><span class="for-a11y">상품 수 <!-- -->1<!-- --> 증가</span></button></div><button type="button" class="sprite__smilefresh--before element-info-cart" aria-describedby="itemCard_title_2522288504"><span class="for-a11y">장바구니 담기</span></button></div><a href="https://item.gmarket.co.kr/Item?goodscode=2522288504" class="link__itemcard-info"><span class="box__itemcard-title-area" id="itemCard_title_2522288504"><span class="text__title" id="item_title">피코크 블렌디드 딸기 870ml</span></span><span class="box__itemcard-price-area"><span class="box__price-seller"><span class="for-a11y">판매가</span><strong class="text__price-seller">7,980</strong><span class="text__unit">원</span></span></span><span class="box__itemcard-info-score"><span class="sprite__smilefresh--before box__score-awards"><span class="for-a11y">평점</span><span class="text text__score">4.8</span><span class="for-a11y">후기</span><span class="text text__num">(1,025)</span><span class="for-a11y">건</span></span><span class="box__score-buycnt"><span class="text text__buy">구매</span><span class="text text__num">3,085</span><span class="for-a11y">건</span></span></span><span class="box__itemcard-benefit-tag"><span class="box__tag box__tag-coupon"><span class="sprite__smilefresh--before box__inner">15% 쿠폰</span></span></span></a><button type="button" class="sprite__smilefresh--after button__favorite-item" aria-describedby="itemCard_title_2522288504" aria-pressed="false" aria-label="관심상품 등록하기"></button></div></div></div></div></li><li class="list-item"><div class="box__itemcard-container"><div class="box__itemcard-body"><div class="box__itemcard-inner"><span class="box__thumbnail__label">99</span><a class="link__itemcard" href="https://item.gmarket.co.kr/Item?goodscode=2518969131" tabindex="-1" aria-hidden="true"><span class="box__itemcard-img"><img class="image__itemcard no-js-400?ver=1725113906" src="data:image/gif;base64,R0lGODlhAQABAIAAAP///wAAACH5BAEAAAAALAAAAAABAAEAAAICRAEAOw==" alt="노브랜드 사과100 1.5L - 상품 이미지"/><noscript><style>.no-js-400?ver=1725113906 { display: none !important; }</style><img class="image__itemcard" src="https://gdimg.gmarket.co.kr/2518969131/still/400?ver=1725113906" alt="노브랜드 사과100 1.5L - 상품 이미지"/></noscript></span></a><div class="box__itemcard-info"><div class="box__element-info"><div class="element-info-qty"><button aria-describedby="itemCard_title_2518969131" class="sprite__smilefresh--before element-info-qty-minus" aria-disabled="true"><span class="for-a11y">상품 수 <!-- -->1<!-- --> 감소</span></button><span class="element-info-item-qty" aria-describedby="itemCard_title_2518969131"><span class="for-a11y">선택된 수량</span> <!-- -->1</span><button aria-describedby="itemCard_title_2518969131" class="sprite__smilefresh--before element-info-qty-plus"><span class="for-a11y">상품 수 <!-- -->1<!-- --> 증가</span></button></div><button type="button" class="sprite__smilefresh--before element-info-cart" aria-describedby="itemCard_title_2518969131"><span class="for-a11y">장바구니 담기</span></button></div><a href="https://item.gmarket.co.kr/Item?goodscode=2518969131" class="link__itemcard-info"><span class="box__itemcard-title-area" id="itemCard_title_2518969131"><span class="text__brand"><span class="text">노브랜드</span></span><span class="text__title" id="item_title">노브랜드 사과100 1.5L</span></span><span class="box__itemcard-price-area"><span class="box__price-seller"><span class="for-a11y">판매가</span><strong class="text__price-seller">2,280</strong><span class="text__unit">원</span></span><span class="box__prime-cost"><span class="for-a11y">원가</span><span class="text__unit-cost">(<!-- -->100mL당 152원<!-- -->)</span></span></span><span class="box__itemcard-info-score"><span class="sprite__smilefresh--before box__score-awards"><span class="for-a11y">평점</span><span class="text text__score">4.8</span><span class="for-a11y">후기</span><span class="text text__num">(1,043)</span><span class="for-a11y">건</span></span><span class="box__score-buycnt"><span class="text text__buy">구매</span><span class="text text__num">4,306</span><span class="for-a11y">건</span></span></span></a><button type="button" class="sprite__smilefresh--after button__favorite-item" aria-describedby="itemCard_title_2518969131" aria-pressed="false" aria-label="관심상품 등록하기"></button></div></div></div></div></li><li class="list-item"><div class="box__itemcard-container"><div class="box__itemcard-body"><div class="box__itemcard-inner"><span class="box__thumbnail__label">100</span><a class="link__itemcard" href="https://item.gmarket.co.kr/Item?goodscode=3045841625" tabindex="-1" aria-hidden="true"><span class="box__itemcard-img"><img class="image__itemcard no-js-400?ver=1725132819" src="data:image/gif;base64,R0lGODlhAQABAIAAAP///wAAACH5BAEAAAAALAAAAAABAAEAAAICRAEAOw==" alt="okf 워터멜론 1.5L - 상품 이미지"/><noscript><style>.no-js-400?ver=1725132819 { display: none !important; }</style><img class="image__itemcard" src="https://gdimg.gmarket.co.kr/3045841625/still/400?ver=1725132819" alt="okf 워터멜론 1.5L - 상품 이미지"/></noscript></span></a><div class="box__itemcard-info"><div class="box__element-info"><div class="element-info-qty"><button aria-describedby="itemCard_title_3045841625" class="sprite__smilefresh--before element-info-qty-minus" aria-disabled="true"><span class="for-a11y">상품 수 <!-- -->1<!-- --> 감소</span></button><span class="element-info-item-qty" aria-describedby="itemCard_title_3045841625"><span class="for-a11y">선택된 수량</span> <!-- -->1</span><button aria-describedby="itemCard_title_3045841625" class="sprite__smilefresh--before element-info-qty-plus"><span class="for-a11y">상품 수 <!-- -->1<!-- --> 증가</span></button></div><button type="button" class="sprite__smilefresh--before element-info-cart" aria-describedby="itemCard_title_3045841625"><span class="for-a11y">장바구니 담기</span></button></div><a href="https://item.gmarket.co.kr/Item?goodscode=3045841625" class="link__itemcard-info"><span class="box__itemcard-title-area" id="itemCard_title_3045841625"><span class="text__title" id="item_title">okf 워터멜론 1.5L</span></span><span class="box__itemcard-price-area"><span class="box__price-seller"><span class="for-a11y">판매가</span><strong class="text__price-seller">3,980</strong><span class="text__unit">원</span></span></span><span class="box__itemcard-info-score"><span class="sprite__smilefresh--before box__score-awards"><span class="for-a11y">평점</span><span class="text text__score">4.6</span><span class="for-a11y">후기</span><span class="text text__num">(342)</span><span class="for-a11y">건</span></span><span class="box__score-buycnt"><span class="text text__buy">구매</span><span class="text text__num">1,686</span><span class="for-a11y">건</span></span></span><span class="box__itemcard-benefit-tag"><span class="box__tag box__tag-coupon"><span class="sprite__smilefresh--before box__inner">15% 쿠폰</span></span></span></a><button type="button" class="sprite__smilefresh--after button__favorite-item" aria-describedby="itemCard_title_3045841625" aria-pressed="false" aria-label="관심상품 등록하기"></button></div></div></div></div></li></ul></div></div></div></div></div><div style="min-height:455px"></div><script src="https://script.gmarket.co.kr/mobile/js/common/kr/util/viewability.js"></script><script src="https://script.gmarket.co.kr/js/common/ats_gmkt.js"></script><script src="https://script.gmarket.co.kr/fnp/desktop-layout.js"></script></div><script id="__NEXT_DATA__" type="application/json">{"props":{"pageProps":{"serverData":{"user":{"isSmileClub":false,"hashedCguid":"MuRNNYHW7OuOgugtwPK0Jz7HajIwK5FDq7zFzNnlMPY="},"itemPage":{"error":false,"searchFilter":{"sortOrderby":0,"userAddressInfo":{"address":"로그인을 진행해 주세요","addressExposeType":"LoginRequired","nonDeliveryArea":false},"smileFreshDeliveryGuide":{"deliveryStoreType":"NoneDelivery"},"categories":[{"categoryNo":"100000000","categoryName":"정육/계란","categoryImageUrl":"https://image.gmarket.co.kr/hanbando/202209/2f7e5c38-9606-4f1a-912e-f969e22f430f.jpg","subCategories":[],"isNew":false},{"categoryNo":"100001005","categoryName":"과일","categoryImageUrl":"https://image.gmarket.co.kr/hanbando/202207/efc9fa9b-b4d8-4eb4-b44d-dc8a47a8c00a.jpg","subCategories":[],"isNew":false},{"categoryNo":"100001006","categoryName":"냉동/간편식","categoryImageUrl":"https://image.gmarket.co.kr/hanbando/202207/287cdcc7-47f4-4949-8cdf-2bfb4ff5522e.jpg","subCategories":[],"isNew":false},{"categoryNo":"100001007","categoryName":"쌀/잡곡","categoryImageUrl":"https://image.gmarket.co.kr/hanbando/202207/92c7e264-61a8-4e11-ab2b-d3ad8a7b3ab6.jpg","subCategories":[],"isNew":false},{"categoryNo":"100001008","categoryName":"채소/두부","categoryImageUrl":"https://image.gmarket.co.kr/hanbando/202209/eb8b0652-724b-465a-800a-49436a3f5435.jpg","subCategories":[],"isNew":false},{"categoryNo":"100001010","categoryName":"라면/즉석식품","categoryImageUrl":"https://image.gmarket.co.kr/hanbando/202207/9ac23369-57e8-4299-889a-4f5360cd3c28.jpg","subCategories":[],"isNew":false},{"categoryNo":"100001032","categoryName":"생수/음료","categoryImageUrl":"https://image.gmarket.co.kr/hanbando/202207/a28bdf02-b436-4466-88de-d8f11ca54296.jpg","subCategories":[],"isNew":false},{"categoryNo":"100001033","categoryName":"과자/아이스크림","categoryImageUrl":"https://image.gmarket.co.kr/hanbando/202207/fd43d2b2-4f77-4e2c-b5da-58d24b91d95b.jpg","subCategories":[],"isNew":false},{"categoryNo":"100001034","categoryName":"우유/유제품","categoryImageUrl":"https://image.gmarket.co.kr/hanbando/202207/f5f1f7ed-e6a5-4ecd-ac66-aa87756158c2.jpg","subCategories":[],"isNew":false},{"categoryNo":"100001035","categoryName":"장류/양념","categoryImageUrl":"https://image.gmarket.co.kr/hanbando/202207/089a0e40-92de-4a0e-a8cb-2a18f78c5691.jpg","subCategories":[],"isNew":false},{"categoryNo":"100001036","categoryName":"화장지/위생","categoryImageUrl":"https://image.gmarket.co.kr/hanbando/202207/a5b62bcd-46b5-4059-bb1b-e01878b77ef4.jpg","subCategories":[],"isNew":false},{"categoryNo":"100001037","categoryName":"커피/차","categoryImageUrl":"https://image.gmarket.co.kr/hanbando/202207/c5b6a09a-4955-4829-94d6-c62f818f2f34.jpg","subCategories":[],"isNew":false},{"categoryNo":"100001038","categoryName":"수산물","categoryImageUrl":"https://image.gmarket.co.kr/hanbando/202207/23143aa7-715d-4778-8b1e-ab87422a8d3a.jpg","subCategories":[],"isNew":false},{"categoryNo":"100001039","categoryName":"밀키트/반찬","categoryImageUrl":"https://image.gmarket.co.kr/hanbando/202207/85d41348-f077-4b90-b0ff-3599d16216b2.jpg","subCategories":[],"isNew":false},{"categoryNo":"100002000","categoryName":"베이커리/잼","categoryImageUrl":"https://image.gmarket.co.kr/hanbando/202208/ea1ecb73-6a2c-45f7-8a89-2e130b634a99.jpg","subCategories":[],"isNew":false},{"categoryNo":"100002001","categoryName":"건강식품","categoryImageUrl":"https://image.gmarket.co.kr/hanbando/202208/7088de74-301b-48ef-911c-f33ed6a22f9b.jpg","subCategories":[],"isNew":false},{"categoryNo":"100002002","categoryName":"세탁/청소/욕실용품","categoryImageUrl":"https://image.gmarket.co.kr/hanbando/202208/39888525-4f61-453f-865c-83b6ca536b58.jpg","subCategories":[],"isNew":false},{"categoryNo":"100002003","categoryName":"리빙","categoryImageUrl":"https://image.gmarket.co.kr/hanbando/202208/a9484e1d-492e-4ab4-84db-1a387177dcbf.jpg","subCategories":[],"isNew":false},{"categoryNo":"100002004","categoryName":"주방/일회용품","categoryImageUrl":"https://image.gmarket.co.kr/hanbando/202208/e0d7614a-763e-4d90-b696-b20c76e890ca.jpg","subCategories":[],"isNew":false},{"categoryNo":"100002005","categoryName":"생활잡화/공구","categoryImageUrl":"https://image.gmarket.co.kr/hanbando/202208/231a3b36-5d05-467d-a33a-8651b9cf19c6.jpg","subCategories":[],"isNew":false},{"categoryNo":"100002006","categoryName":"반려동물","categoryImageUrl":"https://image.gmarket.co.kr/hanbando/202208/692a0b18-2063-4f86-a0af-3f7bbee09696.jpg","subCategories":[],"isNew":false},{"categoryNo":"100002007","categoryName":"뷰티","categoryImageUrl":"https://image.gmarket.co.kr/hanbando/202208/ba755a2e-4a11-472c-92f0-6b82f671b1f8.jpg","subCategories":[],"isNew":false},{"categoryNo":"100002008","categoryName":"유아동/출산/완구","categoryImageUrl":"https://image.gmarket.co.kr/hanbando/202208/fd6fb0fe-4f81-48ea-bec2-5cc37db6fa18.jpg","subCategories":[],"isNew":false},{"categoryNo":"100002009","categoryName":"패션/언더웨어","categoryImageUrl":"https://image.gmarket.co.kr/hanbando/202208/315ccf35-b333-4017-b664-ccb1ba966ef0.jpg","subCategories":[],"isNew":false},{"categoryNo":"100002010","categoryName":"잡화/슈즈/명품","categoryImageUrl":"https://image.gmarket.co.kr/hanbando/202208/30fc0d1d-ea15-4e02-8f50-f144d06423ca.jpg","subCategories":[],"isNew":false},{"categoryNo":"100002011","categoryName":"스포츠/레저/자동차","categoryImageUrl":"https://image.gmarket.co.kr/hanbando/202208/fa99b668-5f13-496e-a62d-dce329ead7cc.jpg","subCategories":[],"isNew":false},{"categoryNo":"100002012","categoryName":"디지털/가전","categoryImageUrl":"https://image.gmarket.co.kr/hanbando/202208/f38a6d26-1cc0-4b33-bf23-f933c2190252.jpg","subCategories":[],"isNew":false},{"categoryNo":"100002013","categoryName":"문구/취미/도서","categoryImageUrl":"https://image.gmarket.co.kr/hanbando/202208/edd14751-f54a-48ff-ae9a-15a33b10c06c.jpg","subCategories":[],"isNew":false}],"sdBrands":[],"sortOptions":["Popularity","PriceAsc","PriceDesc","NewItemDesc","ReviewCountDesc","HomeShoppingRank"],"promotionGroups":[],"promotions":[],"discountBenefits":[],"isBigSmileFilterAvailable":false,"isFilterDisabled":false},"searchContent":{"sortOrderby":0,"pageNo":1,"pageSize":100,"totalResultCount":100,"banners":[],"bannerCount":0,"itemCount":100,"items":[{"itemNo":"2522759637","itemName":"노브랜드 미네랄워터 2L6","itemUrl":"https://item.gmarket.co.kr/Item?goodscode=2522759637","imageUrl":"//gdimg.gmarket.co.kr/2522759637/still/400?ver=1720672681","sdBrandName":"노브랜드","itemPrice":1980,"buyCount":101711,"reviewPoint":{"starPoint":4.77,"reviewCount":30938},"isBigSmileItem":false,"isSoldOut":false,"cardDiscount":{"discountRate":0},"sellerInfo":{"sellCustNo":"155104283","sellLoginId":"emartmall2","nickname":"이마트몰쓱배송","isLmoOfficialSeller":false,"isFashionSquareSeller":false,"isBrandOfficialSeller":false},"hasOption":false,"isAdult":false,"isCartVisible":true,"discountRate":0,"sellPrice":1980,"tagLabels":[{"code":0,"text":"1"}],"buyUnitCount":1,"deliveryCode":"M","rank":1,"lcode":"100000094","mcode":"200001204","scode":"300012400"},{"itemNo":"2519116549","itemName":"제주삼다수 그린 2L 6병","itemUrl":"https://item.gmarket.co.kr/Item?goodscode=2519116549","imageUrl":"//gdimg.gmarket.co.kr/2519116549/still/400?ver=1723616122","sdBrandName":"제주삼다수","itemPrice":6480,"buyCount":59513,"reviewPoint":{"starPoint":4.76,"reviewCount":13059},"isBigSmileItem":false,"isSoldOut":false,"couponDiscount":{"discountType":"R","discountPrice":"0","discountRate":"15"},"cardDiscount":{"discountRate":0},"sellerInfo":{"sellCustNo":"155104283","sellLoginId":"emartmall2","nickname":"이마트몰쓱배송","isLmoOfficialSeller":false,"isFashionSquareSeller":false,"isBrandOfficialSeller":false},"hasOption":false,"isAdult":false,"isCartVisible":true,"discountRate":0,"sellPrice":6480,"tagLabels":[{"code":0,"text":"2"}],"buyUnitCount":1,"deliveryCode":"M","unitPrice":{"unit":100,"unitName":"mL","price":54},"rank":2,"lcode":"100000094","mcode":"200001204","scode":"300012400"},{"itemNo":"2518471760","itemName":"코카콜라 1.8L","itemUrl":"https://item.gmarket.co.kr/Item?goodscode=2518471760","imageUrl":"//gdimg.gmarket.co.kr/2518471760/still/400?ver=1725092652","sdBrandName":"코카콜라","itemPrice":2380,"buyCount":57707,"reviewPoint":{"starPoint":4.8,"reviewCount":6472},"isBigSmileItem":false,"isSoldOut":false,"couponDiscount":{"discountType":"R","discountPrice":"0","discountRate":"15"},"cardDiscount":{"discountRate":0},"sellerInfo":{"sellCustNo":"155104283","sellLoginId":"emartmall2","nickname":"이마트몰쓱배송","isLmoOfficialSeller":false,"isFashionSquareSeller":false,"isBrandOfficialSeller":false},"hasOption":false,"isAdult":false,"isCartVisible":true,"discountRate":0,"sellPrice":2380,"tagLabels":[{"code":0,"text":"3"}],"buyUnitCount":1,"deliveryCode":"M","unitPrice":{"unit":100,"unitName":"mL","price":132},"rank":3,"lcode":"100000094","mcode":"200000753","scode":"300024678"},{"itemNo":"2522760386","itemName":"노브랜드 미네랄워터 500ml20","itemUrl":"https://item.gmarket.co.kr/Item?goodscode=2522760386","imageUrl":"//gdimg.gmarket.co.kr/2522760386/still/400?ver=1720672675","sdBrandName":"노브랜드","itemPrice":3800,"buyCount":22498,"reviewPoint":{"starPoint":4.76,"reviewCount":7469},"isBigSmileItem":false,"isSoldOut":false,"cardDiscount":{"discountRate":0},"sellerInfo":{"sellCustNo":"155104283","sellLoginId":"emartmall2","nickname":"이마트몰쓱배송","isLmoOfficialSeller":false,"isFashionSquareSeller":false,"isBrandOfficialSeller":false},"hasOption":false,"isAdult":false,"isCartVisible":true,"discountRate":0,"sellPrice":3800,"tagLabels":[{"code":0,"text":"4"}],"buyUnitCount":1,"deliveryCode":"M","rank":4,"lcode":"100000094","mcode":"200001204","scode":"300012400"},{"itemNo":"2615197776","itemName":"델몬트 마음담은기쁨드림선물세트180ml12입","itemUrl":"https://item.gmarket.co.kr/Item?goodscode=2615197776","imageUrl":"//gdimg.gmarket.co.kr/2615197776/still/400?ver=1725092458","itemPrice":13880,"buyCount":2427,"reviewPoint":{"starPoint":4.74,"reviewCount":633},"isBigSmileItem":false,"isSoldOut":false,"couponDiscount":{"discountType":"R","discountPrice":"0","discountRate":"15"},"cardDiscount":{"discountRate":0},"sellerInfo":{"sellCustNo":"155104283","sellLoginId":"emartmall2","nickname":"이마트몰쓱배송","isLmoOfficialSeller":false,"isFashionSquareSeller":false,"isBrandOfficialSeller":false},"hasOption":false,"isAdult":false,"isCartVisible":true,"discountRate":0,"sellPrice":13880,"tagLabels":[{"code":0,"text":"5"}],"buyUnitCount":1,"deliveryCode":"M","rank":5,"lcode":"100000094","mcode":"200000563","scode":"300005673"},{"itemNo":"2618470667","itemName":"아이시스8.0ECO 2L6입","itemUrl":"https://item.gmarket.co.kr/Item?goodscode=2618470667","imageUrl":"//gdimg.gmarket.co.kr/2618470667/still/400?ver=1725043522","itemPrice":4040,"buyCount":5248,"reviewPoint":{"starPoint":4.72,"reviewCount":1304},"isBigSmileItem":false,"isSoldOut":false,"couponDiscount":{"discountType":"R","discountPrice":"0","discountRate":"15"},"cardDiscount":{"discountRate":0},"sellerInfo":{"sellCustNo":"155104283","sellLoginId":"emartmall2","nickname":"이마트몰쓱배송","isLmoOfficialSeller":false,"isFashionSquareSeller":false,"isBrandOfficialSeller":false},"hasOption":false,"isAdult":false,"isCartVisible":true,"discountRate":29,"sellPrice":5760,"tagLabels":[{"code":0,"text":"6"}],"buyUnitCount":1,"deliveryCode":"M","rank":6,"lcode":"100000094","mcode":"200001204","scode":"300012400"},{"itemNo":"2519438064","itemName":"웅진_하늘보리 1.35L","itemUrl":"https://item.gmarket.co.kr/Item?goodscode=2519438064","imageUrl":"//gdimg.gmarket.co.kr/2519438064/still/400?ver=1725121828","sdBrandName":"웅진","itemPrice":2080,"buyCount":9203,"reviewPoint":{"starPoint":4.81,"reviewCount":838},"isBigSmileItem":false,"isSoldOut":false,"couponDiscount":{"discountType":"R","discountPrice":"0","discountRate":"15"},"cardDiscount":{"discountRate":0},"sellerInfo":{"sellCustNo":"155104283","sellLoginId":"emartmall2","nickname":"이마트몰쓱배송","isLmoOfficialSeller":false,"isFashionSquareSeller":false,"isBrandOfficialSeller":false},"hasOption":false,"isAdult":false,"isCartVisible":true,"discountRate":0,"sellPrice":2080,"tagLabels":[{"code":0,"text":"7"}],"buyUnitCount":1,"deliveryCode":"M","unitPrice":{"unit":100,"unitName":"mL","price":154},"rank":7,"lcode":"100000094","mcode":"200002375","scode":"300012402"},{"itemNo":"2518949521","itemName":"피코크 트루워터 2L X 6(무라벨 생수)","itemUrl":"https://item.gmarket.co.kr/Item?goodscode=2518949521","imageUrl":"//gdimg.gmarket.co.kr/2518949521/still/400?ver=1720674583","sdBrandName":"피코크","itemPrice":2880,"buyCount":25769,"reviewPoint":{"starPoint":4.75,"reviewCount":5081},"isBigSmileItem":false,"isSoldOut":false,"couponDiscount":{"discountType":"R","discountPrice":"0","discountRate":"15"},"cardDiscount":{"discountRate":0},"sellerInfo":{"sellCustNo":"155104283","sellLoginId":"emartmall2","nickname":"이마트몰쓱배송","isLmoOfficialSeller":false,"isFashionSquareSeller":false,"isBrandOfficialSeller":false},"hasOption":false,"isAdult":false,"isCartVisible":true,"discountRate":0,"sellPrice":2880,"tagLabels":[{"code":0,"text":"8"}],"buyUnitCount":1,"deliveryCode":"M","rank":8,"lcode":"100000094","mcode":"200001204","scode":"300012400"},{"itemNo":"2518949602","itemName":"피코크 트루워터 330ml X 20(무라벨 생수)","itemUrl":"https://item.gmarket.co.kr/Item?goodscode=2518949602","imageUrl":"//gdimg.gmarket.co.kr/2518949602/still/400?ver=1720674561","itemPrice":3980,"buyCount":11791,"reviewPoint":{"starPoint":4.75,"reviewCount":3443},"isBigSmileItem":false,"isSoldOut":false,"couponDiscount":{"discountType":"R","discountPrice":"0","discountRate":"15"},"cardDiscount":{"discountRate":0},"sellerInfo":{"sellCustNo":"155104283","sellLoginId":"emartmall2","nickname":"이마트몰쓱배송","isLmoOfficialSeller":false,"isFashionSquareSeller":false,"isBrandOfficialSeller":false},"hasOption":false,"isAdult":false,"isCartVisible":true,"discountRate":0,"sellPrice":3980,"tagLabels":[{"code":0,"text":"9"}],"buyUnitCount":1,"deliveryCode":"M","rank":9,"lcode":"100000094","mcode":"200001204","scode":"300012400"},{"itemNo":"2537464095","itemName":"광동 옥수수 수염차 (1.5L)","itemUrl":"https://item.gmarket.co.kr/Item?goodscode=2537464095","imageUrl":"//gdimg.gmarket.co.kr/2537464095/still/400?ver=1725088242","sdBrandName":"광동","itemPrice":2380,"buyCount":16394,"reviewPoint":{"starPoint":4.79,"reviewCount":1650},"isBigSmileItem":false,"isSoldOut":false,"couponDiscount":{"discountType":"R","discountPrice":"0","discountRate":"15"},"cardDiscount":{"discountRate":0},"sellerInfo":{"sellCustNo":"155104283","sellLoginId":"emartmall2","nickname":"이마트몰쓱배송","isLmoOfficialSeller":false,"isFashionSquareSeller":false,"isBrandOfficialSeller":false},"hasOption":false,"isAdult":false,"isCartVisible":true,"discountRate":0,"sellPrice":2380,"tagLabels":[{"code":0,"text":"10"}],"buyUnitCount":1,"deliveryCode":"M","unitPrice":{"unit":100,"unitName":"mL","price":159},"rank":10,"lcode":"100000094","mcode":"200002375","scode":"300012402"},{"itemNo":"2518525285","itemName":"노브랜드 Fresh제주감귤음료1.5L","itemUrl":"https://item.gmarket.co.kr/Item?goodscode=2518525285","imageUrl":"//gdimg.gmarket.co.kr/2518525285/still/400?ver=1725107068","sdBrandName":"노브랜드","itemPrice":1880,"buyCount":15444,"reviewPoint":{"starPoint":4.75,"reviewCount":3297},"isBigSmileItem":false,"isSoldOut":false,"cardDiscount":{"discountRate":0},"sellerInfo":{"sellCustNo":"155104283","sellLoginId":"emartmall2","nickname":"이마트몰쓱배송","isLmoOfficialSeller":false,"isFashionSquareSeller":false,"isBrandOfficialSeller":false},"hasOption":false,"isAdult":false,"isCartVisible":true,"discountRate":0,"sellPrice":1880,"tagLabels":[{"code":0,"text":"11"}],"buyUnitCount":1,"deliveryCode":"M","unitPrice":{"unit":100,"unitName":"mL","price":125},"rank":11,"lcode":"100000094","mcode":"200000563","scode":"300005673"},{"itemNo":"2558924713","itemName":"롯데 잔치집식혜 1.5L 펫","itemUrl":"https://item.gmarket.co.kr/Item?goodscode=2558924713","imageUrl":"//gdimg.gmarket.co.kr/2558924713/still/400?ver=1725520377","sdBrandName":"롯데칠성","itemPrice":3280,"buyCount":1319,"reviewPoint":{"starPoint":4.82,"reviewCount":181},"isBigSmileItem":false,"isSoldOut":false,"couponDiscount":{"discountType":"R","discountPrice":"0","discountRate":"15"},"cardDiscount":{"discountRate":0},"sellerInfo":{"sellCustNo":"155104283","sellLoginId":"emartmall2","nickname":"이마트몰쓱배송","isLmoOfficialSeller":false,"isFashionSquareSeller":false,"isBrandOfficialSeller":false},"hasOption":false,"isAdult":false,"isCartVisible":true,"discountRate":0,"sellPrice":3280,"tagLabels":[{"code":0,"text":"12"}],"buyUnitCount":1,"deliveryCode":"M","unitPrice":{"unit":100,"unitName":"mL","price":219},"rank":12,"lcode":"100000094","mcode":"200002375","scode":"300012402"},{"itemNo":"2517911574","itemName":"펩시 제로슈거 라임향 무라벨 300ml12","itemUrl":"https://item.gmarket.co.kr/Item?goodscode=2517911574","imageUrl":"//gdimg.gmarket.co.kr/2517911574/still/400?ver=1725119199","sdBrandName":"롯데칠성","itemPrice":7970,"buyCount":2501,"reviewPoint":{"starPoint":4.82,"reviewCount":473},"isBigSmileItem":false,"isSoldOut":false,"couponDiscount":{"discountType":"R","discountPrice":"0","discountRate":"15"},"cardDiscount":{"discountRate":0},"sellerInfo":{"sellCustNo":"155104283","sellLoginId":"emartmall2","nickname":"이마트몰쓱배송","isLmoOfficialSeller":false,"isFashionSquareSeller":false,"isBrandOfficialSeller":false},"hasOption":false,"isAdult":false,"isCartVisible":true,"discountRate":29,"sellPrice":11380,"tagLabels":[{"code":0,"text":"13"}],"buyUnitCount":1,"deliveryCode":"M","unitPrice":{"unit":100,"unitName":"mL","price":221},"rank":13,"lcode":"100000094","mcode":"200000753","scode":"300024678"},{"itemNo":"2522850025","itemName":"오션스프레이 루비레드 자몽주스 1.89L","itemUrl":"https://item.gmarket.co.kr/Item?goodscode=2522850025","imageUrl":"//gdimg.gmarket.co.kr/2522850025/still/400?ver=1725116391","itemPrice":3880,"buyCount":4151,"reviewPoint":{"starPoint":4.76,"reviewCount":966},"isBigSmileItem":false,"isSoldOut":false,"couponDiscount":{"discountType":"R","discountPrice":"0","discountRate":"15"},"cardDiscount":{"discountRate":0},"sellerInfo":{"sellCustNo":"155104283","sellLoginId":"emartmall2","nickname":"이마트몰쓱배송","isLmoOfficialSeller":false,"isFashionSquareSeller":false,"isBrandOfficialSeller":false},"hasOption":false,"isAdult":false,"isCartVisible":true,"discountRate":43,"sellPrice":6880,"tagLabels":[{"code":0,"text":"14"}],"buyUnitCount":1,"deliveryCode":"M","rank":14,"lcode":"100000094","mcode":"200000563","scode":"300005673"},{"itemNo":"2561846511","itemName":"광동 힘찬하루 헛개차 1.5L (1개)","itemUrl":"https://item.gmarket.co.kr/Item?goodscode=2561846511","imageUrl":"//gdimg.gmarket.co.kr/2561846511/still/400?ver=1725090969","sdBrandName":"광동","itemPrice":2380,"buyCount":10000,"reviewPoint":{"starPoint":4.73,"reviewCount":1058},"isBigSmileItem":false,"isSoldOut":false,"couponDiscount":{"discountType":"R","discountPrice":"0","discountRate":"15"},"cardDiscount":{"discountRate":0},"sellerInfo":{"sellCustNo":"155104283","sellLoginId":"emartmall2","nickname":"이마트몰쓱배송","isLmoOfficialSeller":false,"isFashionSquareSeller":false,"isBrandOfficialSeller":false},"hasOption":false,"isAdult":false,"isCartVisible":true,"discountRate":0,"sellPrice":2380,"tagLabels":[{"code":0,"text":"15"}],"buyUnitCount":1,"deliveryCode":"M","unitPrice":{"unit":100,"unitName":"mL","price":159},"rank":15,"lcode":"100000094","mcode":"200002375","scode":"300012402"},{"itemNo":"2519039956","itemName":"코카콜라 1.8L 2입 기획","itemUrl":"https://item.gmarket.co.kr/Item?goodscode=2519039956","imageUrl":"//gdimg.gmarket.co.kr/2519039956/still/400?ver=1725099665","sdBrandName":"코카콜라","itemPrice":4760,"buyCount":17110,"reviewPoint":{"starPoint":4.83,"reviewCount":2736},"isBigSmileItem":false,"isSoldOut":false,"couponDiscount":{"discountType":"R","discountPrice":"0","discountRate":"15"},"cardDiscount":{"discountRate":0},"sellerInfo":{"sellCustNo":"155104283","sellLoginId":"emartmall2","nickname":"이마트몰쓱배송","isLmoOfficialSeller":false,"isFashionSquareSeller":false,"isBrandOfficialSeller":false},"hasOption":false,"isAdult":false,"isCartVisible":true,"discountRate":0,"sellPrice":4760,"tagLabels":[{"code":0,"text":"16"}],"buyUnitCount":1,"deliveryCode":"M","unitPrice":{"unit":100,"unitName":"mL","price":132},"rank":16,"lcode":"100000094","mcode":"200000753","scode":"300024678"},{"itemNo":"2522498818","itemName":"코카콜라 215ml 12입","itemUrl":"https://item.gmarket.co.kr/Item?goodscode=2522498818","imageUrl":"//gdimg.gmarket.co.kr/2522498818/still/400?ver=1725101786","sdBrandName":"코카콜라","itemPrice":8180,"buyCount":7866,"reviewPoint":{"starPoint":4.8,"reviewCount":1830},"isBigSmileItem":false,"isSoldOut":false,"couponDiscount":{"discountType":"R","discountPrice":"0","discountRate":"15"},"cardDiscount":{"discountRate":0},"sellerInfo":{"sellCustNo":"155104283","sellLoginId":"emartmall2","nickname":"이마트몰쓱배송","isLmoOfficialSeller":false,"isFashionSquareSeller":false,"isBrandOfficialSeller":false},"hasOption":false,"isAdult":false,"isCartVisible":true,"discountRate":0,"sellPrice":8180,"tagLabels":[{"code":0,"text":"17"}],"buyUnitCount":1,"deliveryCode":"M","unitPrice":{"unit":100,"unitName":"mL","price":317},"rank":17,"lcode":"100000094","mcode":"200000753","scode":"300024678"},{"itemNo":"2523389779","itemName":"영진구론산 스파클링 오리지날액 1500ml(150ml10)","itemUrl":"https://item.gmarket.co.kr/Item?goodscode=2523389779","imageUrl":"//gdimg.gmarket.co.kr/2523389779/still/400?ver=1725100211","sdBrandName":"구론산 스파클링","itemPrice":12780,"buyCount":1361,"reviewPoint":{"starPoint":4.78,"reviewCount":338},"isBigSmileItem":false,"isSoldOut":false,"couponDiscount":{"discountType":"R","discountPrice":"0","discountRate":"15"},"cardDiscount":{"discountRate":0},"sellerInfo":{"sellCustNo":"155104283","sellLoginId":"emartmall2","nickname":"이마트몰쓱배송","isLmoOfficialSeller":false,"isFashionSquareSeller":false,"isBrandOfficialSeller":false},"hasOption":false,"isAdult":false,"isCartVisible":true,"discountRate":0,"sellPrice":12780,"tagLabels":[{"code":0,"text":"18"}],"buyUnitCount":1,"deliveryCode":"M","unitPrice":{"unit":100,"unitName":"mL","price":852},"rank":18,"lcode":"100000094","mcode":"200001205","scode":"300029197"},{"itemNo":"2522788168","itemName":"코카콜라제로 1.5LX2","itemUrl":"https://item.gmarket.co.kr/Item?goodscode=2522788168","imageUrl":"//gdimg.gmarket.co.kr/2522788168/still/400?ver=1725104742","sdBrandName":"코카콜라 제로","itemPrice":4280,"buyCount":30770,"reviewPoint":{"starPoint":4.78,"reviewCount":3368},"isBigSmileItem":false,"isSoldOut":false,"couponDiscount":{"discountType":"R","discountPrice":"0","discountRate":"15"},"cardDiscount":{"discountRate":0},"sellerInfo":{"sellCustNo":"155104283","sellLoginId":"emartmall2","nickname":"이마트몰쓱배송","isLmoOfficialSeller":false,"isFashionSquareSeller":false,"isBrandOfficialSeller":false},"hasOption":false,"isAdult":false,"isCartVisible":true,"discountRate":0,"sellPrice":4280,"tagLabels":[{"code":0,"text":"19"}],"buyUnitCount":1,"deliveryCode":"M","unitPrice":{"unit":100,"unitName":"mL","price":143},"rank":19,"lcode":"100000094","mcode":"200000753","scode":"300024678"},{"itemNo":"3052881967","itemName":"셀렉스프로틴 음료 로우슈거 125ml  12입","itemUrl":"https://item.gmarket.co.kr/Item?goodscode=3052881967","imageUrl":"//gdimg.gmarket.co.kr/3052881967/still/400?ver=1725132801","sdBrandName":"셀렉스","itemPrice":19800,"buyCount":416,"reviewPoint":{"starPoint":4.72,"reviewCount":87},"isBigSmileItem":false,"isSoldOut":false,"couponDiscount":{"discountType":"R","discountPrice":"0","discountRate":"15"},"cardDiscount":{"discountRate":0},"sellerInfo":{"sellCustNo":"155104283","sellLoginId":"emartmall2","nickname":"이마트몰쓱배송","isLmoOfficialSeller":false,"isFashionSquareSeller":false,"isBrandOfficialSeller":false},"hasOption":false,"isAdult":false,"isCartVisible":true,"discountRate":0,"sellPrice":19800,"tagLabels":[{"code":0,"text":"20"}],"buyUnitCount":1,"deliveryCode":"M","rank":20,"lcode":"100000068","mcode":"200001197","scode":"300012534"},{"itemNo":"2522811514","itemName":"스프라이트 1L","itemUrl":"https://item.gmarket.co.kr/Item?goodscode=2522811514","imageUrl":"//gdimg.gmarket.co.kr/2522811514/still/400?ver=1725105266","sdBrandName":"스프라이트","itemPrice":2380,"buyCount":17889,"reviewPoint":{"starPoint":4.78,"reviewCount":2707},"isBigSmileItem":false,"isSoldOut":false,"couponDiscount":{"discountType":"R","discountPrice":"0","discountRate":"15"},"cardDiscount":{"discountRate":0},"sellerInfo":{"sellCustNo":"155104283","sellLoginId":"emartmall2","nickname":"이마트몰쓱배송","isLmoOfficialSeller":false,"isFashionSquareSeller":false,"isBrandOfficialSeller":false},"hasOption":false,"isAdult":false,"isCartVisible":true,"discountRate":0,"sellPrice":2380,"tagLabels":[{"code":0,"text":"21"}],"buyUnitCount":1,"deliveryCode":"M","unitPrice":{"unit":100,"unitName":"mL","price":238},"rank":21,"lcode":"100000094","mcode":"200000753","scode":"300024678"},{"itemNo":"3767806040","itemName":"델몬트 마음담은 행복드림 180ml12병","itemUrl":"https://item.gmarket.co.kr/Item?goodscode=3767806040","imageUrl":"//gdimg.gmarket.co.kr/3767806040/still/400?ver=1725142351","itemPrice":13880,"buyCount":204,"reviewPoint":{"starPoint":4.74,"reviewCount":26},"isBigSmileItem":false,"isSoldOut":false,"couponDiscount":{"discountType":"R","discountPrice":"0","discountRate":"15"},"cardDiscount":{"discountRate":0},"sellerInfo":{"sellCustNo":"155104283","sellLoginId":"emartmall2","nickname":"이마트몰쓱배송","isLmoOfficialSeller":false,"isFashionSquareSeller":false,"isBrandOfficialSeller":false},"hasOption":false,"isAdult":false,"isCartVisible":true,"discountRate":0,"sellPrice":13880,"tagLabels":[{"code":0,"text":"22"}],"buyUnitCount":1,"deliveryCode":"M","rank":22,"lcode":"100000094","mcode":"200000563","scode":"300005673"},{"itemNo":"2518062808","itemName":"펩시 제로슈거 라임향 210ml10","itemUrl":"https://item.gmarket.co.kr/Item?goodscode=2518062808","imageUrl":"//gdimg.gmarket.co.kr/2518062808/still/400?ver=1725114092","sdBrandName":"롯데칠성","itemPrice":5480,"buyCount":31530,"reviewPoint":{"starPoint":4.87,"reviewCount":2240},"isBigSmileItem":false,"isSoldOut":false,"couponDiscount":{"discountType":"R","discountPrice":"0","discountRate":"15"},"cardDiscount":{"discountRate":0},"sellerInfo":{"sellCustNo":"155104283","sellLoginId":"emartmall2","nickname":"이마트몰쓱배송","isLmoOfficialSeller":false,"isFashionSquareSeller":false,"isBrandOfficialSeller":false},"hasOption":false,"isAdult":false,"isCartVisible":true,"discountRate":0,"sellPrice":5480,"tagLabels":[{"code":0,"text":"23"}],"buyUnitCount":1,"deliveryCode":"M","unitPrice":{"unit":100,"unitName":"mL","price":261},"rank":23,"lcode":"100000094","mcode":"200000753","scode":"300024678"},{"itemNo":"2519505184","itemName":"코코팜 피치핑크 복숭아 1L","itemUrl":"https://item.gmarket.co.kr/Item?goodscode=2519505184","imageUrl":"//gdimg.gmarket.co.kr/2519505184/still/400?ver=1725100403","itemPrice":980,"buyCount":10796,"reviewPoint":{"starPoint":4.78,"reviewCount":1898},"isBigSmileItem":false,"isSoldOut":false,"couponDiscount":{"discountType":"R","discountPrice":"0","discountRate":"15"},"cardDiscount":{"discountRate":0},"sellerInfo":{"sellCustNo":"155104283","sellLoginId":"emartmall2","nickname":"이마트몰쓱배송","isLmoOfficialSeller":false,"isFashionSquareSeller":false,"isBrandOfficialSeller":false},"hasOption":false,"isAdult":false,"isCartVisible":true,"discountRate":55,"sellPrice":2180,"tagLabels":[{"code":0,"text":"24"}],"buyUnitCount":1,"deliveryCode":"M","rank":24,"lcode":"100000094","mcode":"200000563","scode":"300005673"},{"itemNo":"3944183837","itemName":"초록매실 제로 1.35L","itemUrl":"https://item.gmarket.co.kr/Item?goodscode=3944183837","imageUrl":"//gdimg.gmarket.co.kr/3944183837/still/400?ver=1725143791","itemPrice":1780,"buyCount":1364,"reviewPoint":{"starPoint":4.72,"reviewCount":161},"isBigSmileItem":false,"isSoldOut":false,"couponDiscount":{"discountType":"R","discountPrice":"0","discountRate":"15"},"cardDiscount":{"discountRate":0},"sellerInfo":{"sellCustNo":"155104283","sellLoginId":"emartmall2","nickname":"이마트몰쓱배송","isLmoOfficialSeller":false,"isFashionSquareSeller":false,"isBrandOfficialSeller":false},"hasOption":false,"isAdult":false,"isCartVisible":true,"discountRate":0,"sellPrice":1780,"tagLabels":[{"code":0,"text":"25"}],"buyUnitCount":1,"deliveryCode":"M","rank":25,"lcode":"100000094","mcode":"200000563","scode":"300005673"},{"itemNo":"2519126283","itemName":"펩시 제로슈거 라임향 1.5L","itemUrl":"https://item.gmarket.co.kr/Item?goodscode=2519126283","imageUrl":"//gdimg.gmarket.co.kr/2519126283/still/400?ver=1725119202","sdBrandName":"롯데칠성","itemPrice":1670,"buyCount":5897,"reviewPoint":{"starPoint":4.79,"reviewCount":584},"isBigSmileItem":false,"isSoldOut":false,"couponDiscount":{"discountType":"R","discountPrice":"0","discountRate":"15"},"cardDiscount":{"discountRate":0},"sellerInfo":{"sellCustNo":"155104283","sellLoginId":"emartmall2","nickname":"이마트몰쓱배송","isLmoOfficialSeller":false,"isFashionSquareSeller":false,"isBrandOfficialSeller":false},"hasOption":false,"isAdult":false,"isCartVisible":true,"discountRate":39,"sellPrice":2780,"tagLabels":[{"code":0,"text":"26"}],"buyUnitCount":1,"deliveryCode":"M","unitPrice":{"unit":100,"unitName":"mL","price":111},"rank":26,"lcode":"100000094","mcode":"200000753","scode":"300024678"},{"itemNo":"2522411453","itemName":"갈배사이다 1.5L","itemUrl":"https://item.gmarket.co.kr/Item?goodscode=2522411453","imageUrl":"//gdimg.gmarket.co.kr/2522411453/still/400?ver=1725101581","sdBrandName":"갈배사이다","itemPrice":3280,"buyCount":7480,"reviewPoint":{"starPoint":4.78,"reviewCount":1477},"isBigSmileItem":false,"isSoldOut":false,"couponDiscount":{"discountType":"R","discountPrice":"0","discountRate":"15"},"cardDiscount":{"discountRate":0},"sellerInfo":{"sellCustNo":"155104283","sellLoginId":"emartmall2","nickname":"이마트몰쓱배송","isLmoOfficialSeller":false,"isFashionSquareSeller":false,"isBrandOfficialSeller":false},"hasOption":false,"isAdult":false,"isCartVisible":true,"discountRate":0,"sellPrice":3280,"tagLabels":[{"code":0,"text":"27"}],"buyUnitCount":1,"deliveryCode":"M","unitPrice":{"unit":100,"unitName":"mL","price":219},"rank":27,"lcode":"100000094","mcode":"200000753","scode":"300024678"},{"itemNo":"2518941477","itemName":"농심 백산수 2L 6입(무라벨)","itemUrl":"https://item.gmarket.co.kr/Item?goodscode=2518941477","imageUrl":"//gdimg.gmarket.co.kr/2518941477/still/400?ver=1723178358","sdBrandName":"농심","itemPrice":5880,"buyCount":9644,"reviewPoint":{"starPoint":4.69,"reviewCount":2276},"isBigSmileItem":false,"isSoldOut":false,"couponDiscount":{"discountType":"R","discountPrice":"0","discountRate":"15"},"cardDiscount":{"discountRate":0},"sellerInfo":{"sellCustNo":"155104283","sellLoginId":"emartmall2","nickname":"이마트몰쓱배송","isLmoOfficialSeller":false,"isFashionSquareSeller":false,"isBrandOfficialSeller":false},"hasOption":false,"isAdult":false,"isCartVisible":true,"discountRate":0,"sellPrice":5880,"tagLabels":[{"code":0,"text":"28"}],"buyUnitCount":1,"deliveryCode":"M","rank":28,"lcode":"100000094","mcode":"200001204","scode":"300012400"},{"itemNo":"2522742757","itemName":"웅진_티즐 제로유자그린티500mL","itemUrl":"https://item.gmarket.co.kr/Item?goodscode=2522742757","imageUrl":"//gdimg.gmarket.co.kr/2522742757/still/400?ver=1725107424","sdBrandName":"웅진","itemPrice":1600,"buyCount":6189,"reviewPoint":{"starPoint":4.77,"reviewCount":835},"isBigSmileItem":false,"isSoldOut":false,"couponDiscount":{"discountType":"R","discountPrice":"0","discountRate":"15"},"cardDiscount":{"discountRate":0},"sellerInfo":{"sellCustNo":"155104283","sellLoginId":"emartmall2","nickname":"이마트몰쓱배송","isLmoOfficialSeller":false,"isFashionSquareSeller":false,"isBrandOfficialSeller":false},"hasOption":false,"isAdult":false,"isCartVisible":true,"discountRate":0,"sellPrice":1600,"tagLabels":[{"code":0,"text":"29"}],"buyUnitCount":1,"deliveryCode":"M","unitPrice":{"unit":100,"unitName":"mL","price":320},"rank":29,"lcode":"100000094","mcode":"200002375","scode":"300012402"},{"itemNo":"2523388072","itemName":"서울우유 아침에주스 오렌지 1.8L","itemUrl":"https://item.gmarket.co.kr/Item?goodscode=2523388072","imageUrl":"//gdimg.gmarket.co.kr/2523388072/still/400?ver=1725100022","sdBrandName":"아침에주스","itemPrice":6480,"buyCount":9772,"reviewPoint":{"starPoint":4.8,"reviewCount":2860},"isBigSmileItem":false,"isSoldOut":false,"couponDiscount":{"discountType":"R","discountPrice":"0","discountRate":"15"},"cardDiscount":{"discountRate":0},"sellerInfo":{"sellCustNo":"155104283","sellLoginId":"emartmall2","nickname":"이마트몰쓱배송","isLmoOfficialSeller":false,"isFashionSquareSeller":false,"isBrandOfficialSeller":false},"hasOption":false,"isAdult":false,"isCartVisible":true,"discountRate":0,"sellPrice":6480,"tagLabels":[{"code":0,"text":"30"}],"buyUnitCount":1,"deliveryCode":"M","unitPrice":{"unit":100,"unitName":"mL","price":360},"rank":30,"lcode":"100000094","mcode":"200000563","scode":"300005673"},{"itemNo":"2523407923","itemName":"삼다수 500ml","itemUrl":"https://item.gmarket.co.kr/Item?goodscode=2523407923","imageUrl":"//gdimg.gmarket.co.kr/2523407923/still/400?ver=1714095813","sdBrandName":"제주삼다수","itemPrice":480,"buyCount":201680,"reviewPoint":{"starPoint":4.83,"reviewCount":2731},"isBigSmileItem":false,"isSoldOut":false,"couponDiscount":{"discountType":"R","discountPrice":"0","discountRate":"15"},"cardDiscount":{"discountRate":0},"sellerInfo":{"sellCustNo":"155104283","sellLoginId":"emartmall2","nickname":"이마트몰쓱배송","isLmoOfficialSeller":false,"isFashionSquareSeller":false,"isBrandOfficialSeller":false},"hasOption":false,"isAdult":false,"isCartVisible":true,"discountRate":0,"sellPrice":480,"tagLabels":[{"code":0,"text":"31"}],"buyUnitCount":4,"deliveryCode":"M","rank":31,"lcode":"100000094","mcode":"200001204","scode":"300012400"},{"itemNo":"2518842977","itemName":"스프라이트 제로 1.5L","itemUrl":"https://item.gmarket.co.kr/Item?goodscode=2518842977","imageUrl":"//gdimg.gmarket.co.kr/2518842977/still/400?ver=1725115011","sdBrandName":"스프라이트 제로","itemPrice":1440,"buyCount":14651,"reviewPoint":{"starPoint":4.8,"reviewCount":1892},"isBigSmileItem":false,"isSoldOut":false,"couponDiscount":{"discountType":"R","discountPrice":"0","discountRate":"15"},"cardDiscount":{"discountRate":0},"sellerInfo":{"sellCustNo":"155104283","sellLoginId":"emartmall2","nickname":"이마트몰쓱배송","isLmoOfficialSeller":false,"isFashionSquareSeller":false,"isBrandOfficialSeller":false},"hasOption":false,"isAdult":false,"isCartVisible":true,"discountRate":0,"sellPrice":1440,"tagLabels":[{"code":0,"text":"32"}],"buyUnitCount":1,"deliveryCode":"M","unitPrice":{"unit":100,"unitName":"mL","price":96},"rank":32,"lcode":"100000094","mcode":"200000753","scode":"300024678"},{"itemNo":"2518622377","itemName":"스프라이트 1.5L","itemUrl":"https://item.gmarket.co.kr/Item?goodscode=2518622377","imageUrl":"//gdimg.gmarket.co.kr/2518622377/still/400?ver=1725091777","sdBrandName":"스프라이트","itemPrice":1440,"buyCount":13469,"reviewPoint":{"starPoint":4.83,"reviewCount":2036},"isBigSmileItem":false,"isSoldOut":false,"couponDiscount":{"discountType":"R","discountPrice":"0","discountRate":"15"},"cardDiscount":{"discountRate":0},"sellerInfo":{"sellCustNo":"155104283","sellLoginId":"emartmall2","nickname":"이마트몰쓱배송","isLmoOfficialSeller":false,"isFashionSquareSeller":false,"isBrandOfficialSeller":false},"hasOption":false,"isAdult":false,"isCartVisible":true,"discountRate":0,"sellPrice":1440,"tagLabels":[{"code":0,"text":"33"}],"buyUnitCount":1,"deliveryCode":"M","unitPrice":{"unit":100,"unitName":"mL","price":96},"rank":33,"lcode":"100000094","mcode":"200000753","scode":"300024678"},{"itemNo":"2519504771","itemName":"코코팜 포도 1.0L PET","itemUrl":"https://item.gmarket.co.kr/Item?goodscode=2519504771","imageUrl":"//gdimg.gmarket.co.kr/2519504771/still/400?ver=1725100135","itemPrice":980,"buyCount":5329,"reviewPoint":{"starPoint":4.82,"reviewCount":963},"isBigSmileItem":false,"isSoldOut":false,"couponDiscount":{"discountType":"R","discountPrice":"0","discountRate":"15"},"cardDiscount":{"discountRate":0},"sellerInfo":{"sellCustNo":"155104283","sellLoginId":"emartmall2","nickname":"이마트몰쓱배송","isLmoOfficialSeller":false,"isFashionSquareSeller":false,"isBrandOfficialSeller":false},"hasOption":false,"isAdult":false,"isCartVisible":true,"discountRate":55,"sellPrice":2180,"tagLabels":[{"code":0,"text":"34"}],"buyUnitCount":1,"deliveryCode":"M","rank":34,"lcode":"100000094","mcode":"200000563","scode":"300005673"},{"itemNo":"3736935533","itemName":"노브랜드 사이다 1.5L","itemUrl":"https://item.gmarket.co.kr/Item?goodscode=3736935533","imageUrl":"//gdimg.gmarket.co.kr/3736935533/still/400?ver=1725143612","sdBrandName":"노브랜드","itemPrice":980,"buyCount":2705,"reviewPoint":{"starPoint":4.7,"reviewCount":447},"isBigSmileItem":false,"isSoldOut":false,"couponDiscount":{"discountType":"R","discountPrice":"0","discountRate":"15"},"cardDiscount":{"discountRate":0},"sellerInfo":{"sellCustNo":"155104283","sellLoginId":"emartmall2","nickname":"이마트몰쓱배송","isLmoOfficialSeller":false,"isFashionSquareSeller":false,"isBrandOfficialSeller":false},"hasOption":false,"isAdult":false,"isCartVisible":true,"discountRate":0,"sellPrice":980,"tagLabels":[{"code":0,"text":"35"}],"buyUnitCount":1,"deliveryCode":"M","unitPrice":{"unit":100,"unitName":"mL","price":65},"rank":35,"lcode":"100000094","mcode":"200000753","scode":"300024678"},{"itemNo":"2908993993","itemName":"노브랜드 제로콜라 1L","itemUrl":"https://item.gmarket.co.kr/Item?goodscode=2908993993","imageUrl":"//gdimg.gmarket.co.kr/2908993993/still/400?ver=1725126682","sdBrandName":"노브랜드","itemPrice":980,"buyCount":9727,"reviewPoint":{"starPoint":4.76,"reviewCount":1979},"isBigSmileItem":false,"isSoldOut":false,"cardDiscount":{"discountRate":0},"sellerInfo":{"sellCustNo":"155104283","sellLoginId":"emartmall2","nickname":"이마트몰쓱배송","isLmoOfficialSeller":false,"isFashionSquareSeller":false,"isBrandOfficialSeller":false},"hasOption":false,"isAdult":false,"isCartVisible":true,"discountRate":0,"sellPrice":980,"tagLabels":[{"code":0,"text":"36"}],"buyUnitCount":1,"deliveryCode":"M","unitPrice":{"unit":100,"unitName":"mL","price":98},"rank":36,"lcode":"100000094","mcode":"200000753","scode":"300024678"},{"itemNo":"2894219620","itemName":"노브랜드 캔콜라 제로 355ml6","itemUrl":"https://item.gmarket.co.kr/Item?goodscode=2894219620","imageUrl":"//gdimg.gmarket.co.kr/2894219620/still/400?ver=1725129938","sdBrandName":"노브랜드","itemPrice":2880,"buyCount":5381,"reviewPoint":{"starPoint":4.76,"reviewCount":1873},"isBigSmileItem":false,"isSoldOut":false,"cardDiscount":{"discountRate":0},"sellerInfo":{"sellCustNo":"155104283","sellLoginId":"emartmall2","nickname":"이마트몰쓱배송","isLmoOfficialSeller":false,"isFashionSquareSeller":false,"isBrandOfficialSeller":false},"hasOption":false,"isAdult":false,"isCartVisible":true,"discountRate":0,"sellPrice":2880,"tagLabels":[{"code":0,"text":"37"}],"buyUnitCount":1,"deliveryCode":"M","unitPrice":{"unit":100,"unitName":"mL","price":135},"rank":37,"lcode":"100000094","mcode":"200000753","scode":"300024678"},{"itemNo":"2518609741","itemName":"암바사 1.5L","itemUrl":"https://item.gmarket.co.kr/Item?goodscode=2518609741","imageUrl":"//gdimg.gmarket.co.kr/2518609741/still/400?ver=1725091762","sdBrandName":"환타 밀크소다","itemPrice":1190,"buyCount":6078,"reviewPoint":{"starPoint":4.8,"reviewCount":988},"isBigSmileItem":false,"isSoldOut":false,"couponDiscount":{"discountType":"R","discountPrice":"0","discountRate":"15"},"cardDiscount":{"discountRate":0},"sellerInfo":{"sellCustNo":"155104283","sellLoginId":"emartmall2","nickname":"이마트몰쓱배송","isLmoOfficialSeller":false,"isFashionSquareSeller":false,"isBrandOfficialSeller":false},"hasOption":false,"isAdult":false,"isCartVisible":true,"discountRate":0,"sellPrice":1190,"tagLabels":[{"code":0,"text":"38"}],"buyUnitCount":1,"deliveryCode":"M","unitPrice":{"unit":100,"unitName":"mL","price":79},"rank":38,"lcode":"100000094","mcode":"200000753","scode":"300024678"},{"itemNo":"2522368370","itemName":"칠성사이다210캔10","itemUrl":"https://item.gmarket.co.kr/Item?goodscode=2522368370","imageUrl":"//gdimg.gmarket.co.kr/2522368370/still/400?ver=1725101342","sdBrandName":"롯데칠성","itemPrice":5480,"buyCount":5574,"reviewPoint":{"starPoint":4.77,"reviewCount":1543},"isBigSmileItem":false,"isSoldOut":false,"couponDiscount":{"discountType":"R","discountPrice":"0","discountRate":"15"},"cardDiscount":{"discountRate":0},"sellerInfo":{"sellCustNo":"155104283","sellLoginId":"emartmall2","nickname":"이마트몰쓱배송","isLmoOfficialSeller":false,"isFashionSquareSeller":false,"isBrandOfficialSeller":false},"hasOption":false,"isAdult":false,"isCartVisible":true,"discountRate":0,"sellPrice":5480,"tagLabels":[{"code":0,"text":"39"}],"buyUnitCount":1,"deliveryCode":"M","unitPrice":{"unit":100,"unitName":"mL","price":261},"rank":39,"lcode":"100000094","mcode":"200000753","scode":"300024678"},{"itemNo":"2518499685","itemName":"롯데 밀키스 1.5L","itemUrl":"https://item.gmarket.co.kr/Item?goodscode=2518499685","imageUrl":"//gdimg.gmarket.co.kr/2518499685/still/400?ver=1725092695","sdBrandName":"롯데칠성","itemPrice":1670,"buyCount":1872,"reviewPoint":{"starPoint":4.75,"reviewCount":477},"isBigSmileItem":false,"isSoldOut":false,"couponDiscount":{"discountType":"R","discountPrice":"0","discountRate":"15"},"cardDiscount":{"discountRate":0},"sellerInfo":{"sellCustNo":"155104283","sellLoginId":"emartmall2","nickname":"이마트몰쓱배송","isLmoOfficialSeller":false,"isFashionSquareSeller":false,"isBrandOfficialSeller":false},"hasOption":false,"isAdult":false,"isCartVisible":true,"discountRate":39,"sellPrice":2780,"tagLabels":[{"code":0,"text":"40"}],"buyUnitCount":1,"deliveryCode":"M","unitPrice":{"unit":100,"unitName":"mL","price":111},"rank":40,"lcode":"100000094","mcode":"200000753","scode":"300024678"},{"itemNo":"2519466510","itemName":"토레타 900ml","itemUrl":"https://item.gmarket.co.kr/Item?goodscode=2519466510","imageUrl":"//gdimg.gmarket.co.kr/2519466510/still/400?ver=1725100381","sdBrandName":"토레타","itemPrice":1040,"buyCount":4414,"reviewPoint":{"starPoint":4.79,"reviewCount":529},"isBigSmileItem":false,"isSoldOut":false,"couponDiscount":{"discountType":"R","discountPrice":"0","discountRate":"15"},"cardDiscount":{"discountRate":0},"sellerInfo":{"sellCustNo":"155104283","sellLoginId":"emartmall2","nickname":"이마트몰쓱배송","isLmoOfficialSeller":false,"isFashionSquareSeller":false,"isBrandOfficialSeller":false},"hasOption":false,"isAdult":false,"isCartVisible":true,"discountRate":0,"sellPrice":1040,"tagLabels":[{"code":0,"text":"41"}],"buyUnitCount":1,"deliveryCode":"M","unitPrice":{"unit":100,"unitName":"mL","price":116},"rank":41,"lcode":"100000094","mcode":"200001205","scode":"300013137"},{"itemNo":"3119336585","itemName":"환타 제로 파인애플 1.5L","itemUrl":"https://item.gmarket.co.kr/Item?goodscode=3119336585","imageUrl":"//gdimg.gmarket.co.kr/3119336585/still/400?ver=1725133895","sdBrandName":"환타 제로","itemPrice":1290,"buyCount":7333,"reviewPoint":{"starPoint":4.81,"reviewCount":1042},"isBigSmileItem":false,"isSoldOut":false,"couponDiscount":{"discountType":"R","discountPrice":"0","discountRate":"15"},"cardDiscount":{"discountRate":0},"sellerInfo":{"sellCustNo":"155104283","sellLoginId":"emartmall2","nickname":"이마트몰쓱배송","isLmoOfficialSeller":false,"isFashionSquareSeller":false,"isBrandOfficialSeller":false},"hasOption":false,"isAdult":false,"isCartVisible":true,"discountRate":0,"sellPrice":1290,"tagLabels":[{"code":0,"text":"42"}],"buyUnitCount":1,"deliveryCode":"M","unitPrice":{"unit":100,"unitName":"mL","price":86},"rank":42,"lcode":"100000094","mcode":"200000753","scode":"300024678"},{"itemNo":"3951320970","itemName":"파워에이드 마운틴 블라스트 (1.5L)","itemUrl":"https://item.gmarket.co.kr/Item?goodscode=3951320970","imageUrl":"//gdimg.gmarket.co.kr/3951320970/still/400?ver=1725092716","sdBrandName":"파워에이드","itemPrice":1880,"buyCount":1855,"reviewPoint":{"starPoint":4.81,"reviewCount":201},"isBigSmileItem":false,"isSoldOut":false,"couponDiscount":{"discountType":"R","discountPrice":"0","discountRate":"15"},"cardDiscount":{"discountRate":0},"sellerInfo":{"sellCustNo":"155104283","sellLoginId":"emartmall2","nickname":"이마트몰쓱배송","isLmoOfficialSeller":false,"isFashionSquareSeller":false,"isBrandOfficialSeller":false},"hasOption":false,"isAdult":false,"isCartVisible":true,"discountRate":0,"sellPrice":1880,"tagLabels":[{"code":0,"text":"43"}],"buyUnitCount":1,"deliveryCode":"M","unitPrice":{"unit":100,"unitName":"mL","price":125},"rank":43,"lcode":"100000094","mcode":"200001205","scode":"300013137"},{"itemNo":"2523329550","itemName":"CJ 한뿌리 인삼대보 병 10입","itemUrl":"https://item.gmarket.co.kr/Item?goodscode=2523329550","imageUrl":"//gdimg.gmarket.co.kr/2523329550/still/400?ver=1725119598","sdBrandName":"한뿌리","itemPrice":29900,"buyCount":423,"reviewPoint":{"starPoint":4.78,"reviewCount":126},"isBigSmileItem":false,"isSoldOut":false,"couponDiscount":{"discountType":"R","discountPrice":"0","discountRate":"15"},"cardDiscount":{"discountRate":0},"sellerInfo":{"sellCustNo":"155104283","sellLoginId":"emartmall2","nickname":"이마트몰쓱배송","isLmoOfficialSeller":false,"isFashionSquareSeller":false,"isBrandOfficialSeller":false},"hasOption":false,"isAdult":false,"isCartVisible":true,"discountRate":0,"sellPrice":29900,"tagLabels":[{"code":0,"text":"44"}],"buyUnitCount":1,"deliveryCode":"M","rank":44,"lcode":"100000068","mcode":"200000971","scode":"300025942"},{"itemNo":"2518761181","itemName":"콜드오렌지+포도 1L2 기획","itemUrl":"https://item.gmarket.co.kr/Item?goodscode=2518761181","imageUrl":"//gdimg.gmarket.co.kr/2518761181/still/400?ver=1725092205","itemPrice":6780,"buyCount":1232,"reviewPoint":{"starPoint":4.71,"reviewCount":255},"isBigSmileItem":false,"isSoldOut":false,"couponDiscount":{"discountType":"R","discountPrice":"0","discountRate":"15"},"cardDiscount":{"discountRate":0},"sellerInfo":{"sellCustNo":"155104283","sellLoginId":"emartmall2","nickname":"이마트몰쓱배송","isLmoOfficialSeller":false,"isFashionSquareSeller":false,"isBrandOfficialSeller":false},"hasOption":false,"isAdult":false,"isCartVisible":true,"discountRate":0,"sellPrice":6780,"tagLabels":[{"code":0,"text":"45"}],"buyUnitCount":1,"deliveryCode":"M","rank":45,"lcode":"100000094","mcode":"200000563","scode":"300005673"},{"itemNo":"2578553357","itemName":"노브랜드쿨피치930ml","itemUrl":"https://item.gmarket.co.kr/Item?goodscode=2578553357","imageUrl":"//gdimg.gmarket.co.kr/2578553357/still/400?ver=1725122728","itemPrice":980,"buyCount":15208,"reviewPoint":{"starPoint":4.78,"reviewCount":4701},"isBigSmileItem":false,"isSoldOut":false,"cardDiscount":{"discountRate":0},"sellerInfo":{"sellCustNo":"155104283","sellLoginId":"emartmall2","nickname":"이마트몰쓱배송","isLmoOfficialSeller":false,"isFashionSquareSeller":false,"isBrandOfficialSeller":false},"hasOption":false,"isAdult":false,"isCartVisible":true,"discountRate":0,"sellPrice":980,"tagLabels":[{"code":0,"text":"46"}],"buyUnitCount":1,"deliveryCode":"M","rank":46,"lcode":"100000094","mcode":"200000563","scode":"300005673"},{"itemNo":"2518844828","itemName":"노브랜드포도100% 1.5L","itemUrl":"https://item.gmarket.co.kr/Item?goodscode=2518844828","imageUrl":"//gdimg.gmarket.co.kr/2518844828/still/400?ver=1725115014","sdBrandName":"노브랜드","itemPrice":2280,"buyCount":7114,"reviewPoint":{"starPoint":4.78,"reviewCount":1975},"isBigSmileItem":false,"isSoldOut":false,"cardDiscount":{"discountRate":0},"sellerInfo":{"sellCustNo":"155104283","sellLoginId":"emartmall2","nickname":"이마트몰쓱배송","isLmoOfficialSeller":false,"isFashionSquareSeller":false,"isBrandOfficialSeller":false},"hasOption":false,"isAdult":false,"isCartVisible":true,"discountRate":0,"sellPrice":2280,"tagLabels":[{"code":0,"text":"47"}],"buyUnitCount":1,"deliveryCode":"M","unitPrice":{"unit":100,"unitName":"mL","price":152},"rank":47,"lcode":"100000094","mcode":"200000563","scode":"300005673"},{"itemNo":"3780885033","itemName":"농심 멘토스 스파클링워터 레몬 355ml","itemUrl":"https://item.gmarket.co.kr/Item?goodscode=3780885033","imageUrl":"//gdimg.gmarket.co.kr/3780885033/still/400?ver=1725144148","sdBrandName":"멘토스","itemPrice":720,"buyCount":1505,"reviewPoint":{"starPoint":4.63,"reviewCount":139},"isBigSmileItem":false,"isSoldOut":false,"couponDiscount":{"discountType":"R","discountPrice":"0","discountRate":"15"},"cardDiscount":{"discountRate":0},"sellerInfo":{"sellCustNo":"155104283","sellLoginId":"emartmall2","nickname":"이마트몰쓱배송","isLmoOfficialSeller":false,"isFashionSquareSeller":false,"isBrandOfficialSeller":false},"hasOption":false,"isAdult":false,"isCartVisible":true,"discountRate":0,"sellPrice":720,"tagLabels":[{"code":0,"text":"48"}],"buyUnitCount":1,"deliveryCode":"M","unitPrice":{"unit":100,"unitName":"mL","price":203},"rank":48,"lcode":"100000094","mcode":"200000753","scode":"300012350"},{"itemNo":"2519429853","itemName":"노브랜드 콜라1.5L","itemUrl":"https://item.gmarket.co.kr/Item?goodscode=2519429853","imageUrl":"//gdimg.gmarket.co.kr/2519429853/still/400?ver=1725121110","sdBrandName":"노브랜드","itemPrice":980,"buyCount":33606,"reviewPoint":{"starPoint":4.74,"reviewCount":5485},"isBigSmileItem":false,"isSoldOut":false,"cardDiscount":{"discountRate":0},"sellerInfo":{"sellCustNo":"155104283","sellLoginId":"emartmall2","nickname":"이마트몰쓱배송","isLmoOfficialSeller":false,"isFashionSquareSeller":false,"isBrandOfficialSeller":false},"hasOption":false,"isAdult":false,"isCartVisible":true,"discountRate":0,"sellPrice":980,"tagLabels":[{"code":0,"text":"49"}],"buyUnitCount":1,"deliveryCode":"M","unitPrice":{"unit":100,"unitName":"mL","price":65},"rank":49,"lcode":"100000094","mcode":"200000753","scode":"300024678"},{"itemNo":"2522396440","itemName":"노브랜드 착즙오렌지주스 1L","itemUrl":"https://item.gmarket.co.kr/Item?goodscode=2522396440","imageUrl":"//gdimg.gmarket.co.kr/2522396440/still/400?ver=1725101433","sdBrandName":"노브랜드","itemPrice":3280,"buyCount":3740,"reviewPoint":{"starPoint":4.74,"reviewCount":790},"isBigSmileItem":false,"isSoldOut":false,"cardDiscount":{"discountRate":0},"sellerInfo":{"sellCustNo":"155104283","sellLoginId":"emartmall2","nickname":"이마트몰쓱배송","isLmoOfficialSeller":false,"isFashionSquareSeller":false,"isBrandOfficialSeller":false},"hasOption":false,"isAdult":false,"isCartVisible":true,"discountRate":0,"sellPrice":3280,"tagLabels":[{"code":0,"text":"50"}],"buyUnitCount":1,"deliveryCode":"M","unitPrice":{"unit":100,"unitName":"mL","price":328},"rank":50,"lcode":"100000094","mcode":"200000563","scode":"300005673"},{"itemNo":"2522767869","itemName":"코카콜라제로 215ml12","itemUrl":"https://item.gmarket.co.kr/Item?goodscode=2522767869","imageUrl":"//gdimg.gmarket.co.kr/2522767869/still/400?ver=1725107424","sdBrandName":"코카콜라 제로","itemPrice":8180,"buyCount":3203,"reviewPoint":{"starPoint":4.9,"reviewCount":693},"isBigSmileItem":false,"isSoldOut":false,"couponDiscount":{"discountType":"R","discountPrice":"0","discountRate":"15"},"cardDiscount":{"discountRate":0},"sellerInfo":{"sellCustNo":"155104283","sellLoginId":"emartmall2","nickname":"이마트몰쓱배송","isLmoOfficialSeller":false,"isFashionSquareSeller":false,"isBrandOfficialSeller":false},"hasOption":false,"isAdult":false,"isCartVisible":true,"discountRate":0,"sellPrice":8180,"tagLabels":[{"code":0,"text":"51"}],"buyUnitCount":1,"deliveryCode":"M","unitPrice":{"unit":100,"unitName":"mL","price":317},"rank":51,"lcode":"100000094","mcode":"200000753","scode":"300024678"},{"itemNo":"2519078874","itemName":"웅진_누룽지차 1.5L","itemUrl":"https://item.gmarket.co.kr/Item?goodscode=2519078874","imageUrl":"//gdimg.gmarket.co.kr/2519078874/still/400?ver=1725122914","sdBrandName":"웅진","itemPrice":2080,"buyCount":6164,"reviewPoint":{"starPoint":4.81,"reviewCount":489},"isBigSmileItem":false,"isSoldOut":false,"couponDiscount":{"discountType":"R","discountPrice":"0","discountRate":"15"},"cardDiscount":{"discountRate":0},"sellerInfo":{"sellCustNo":"155104283","sellLoginId":"emartmall2","nickname":"이마트몰쓱배송","isLmoOfficialSeller":false,"isFashionSquareSeller":false,"isBrandOfficialSeller":false},"hasOption":false,"isAdult":false,"isCartVisible":true,"discountRate":0,"sellPrice":2080,"tagLabels":[{"code":0,"text":"52"}],"buyUnitCount":1,"deliveryCode":"M","unitPrice":{"unit":100,"unitName":"mL","price":139},"rank":52,"lcode":"100000094","mcode":"200002375","scode":"300012402"},{"itemNo":"2518525751","itemName":"노브랜드 Fresh망고음료1.5L","itemUrl":"https://item.gmarket.co.kr/Item?goodscode=2518525751","imageUrl":"//gdimg.gmarket.co.kr/2518525751/still/400?ver=1725106889","itemPrice":2080,"buyCount":7271,"reviewPoint":{"starPoint":4.82,"reviewCount":1724},"isBigSmileItem":false,"isSoldOut":false,"cardDiscount":{"discountRate":0},"sellerInfo":{"sellCustNo":"155104283","sellLoginId":"emartmall2","nickname":"이마트몰쓱배송","isLmoOfficialSeller":false,"isFashionSquareSeller":false,"isBrandOfficialSeller":false},"hasOption":false,"isAdult":false,"isCartVisible":true,"discountRate":0,"sellPrice":2080,"tagLabels":[{"code":0,"text":"53"}],"buyUnitCount":1,"deliveryCode":"M","rank":53,"lcode":"100000094","mcode":"200000563","scode":"300005673"},{"itemNo":"2522388268","itemName":"트레비 레몬 300ml20","itemUrl":"https://item.gmarket.co.kr/Item?goodscode=2522388268","imageUrl":"//gdimg.gmarket.co.kr/2522388268/still/400?ver=1725101299","sdBrandName":"롯데칠성","itemPrice":9780,"buyCount":3905,"reviewPoint":{"starPoint":4.77,"reviewCount":969},"isBigSmileItem":false,"isSoldOut":false,"couponDiscount":{"discountType":"R","discountPrice":"0","discountRate":"15"},"cardDiscount":{"discountRate":0},"sellerInfo":{"sellCustNo":"155104283","sellLoginId":"emartmall2","nickname":"이마트몰쓱배송","isLmoOfficialSeller":false,"isFashionSquareSeller":false,"isBrandOfficialSeller":false},"hasOption":false,"isAdult":false,"isCartVisible":true,"discountRate":0,"sellPrice":9780,"tagLabels":[{"code":0,"text":"54"}],"buyUnitCount":1,"deliveryCode":"M","unitPrice":{"unit":100,"unitName":"mL","price":163},"rank":54,"lcode":"100000094","mcode":"200001204","scode":"300029196"},{"itemNo":"2518524723","itemName":"노브랜드 Fresh토마토음료 1.5L","itemUrl":"https://item.gmarket.co.kr/Item?goodscode=2518524723","imageUrl":"//gdimg.gmarket.co.kr/2518524723/still/400?ver=1725107434","sdBrandName":"노브랜드","itemPrice":1880,"buyCount":10714,"reviewPoint":{"starPoint":4.73,"reviewCount":2946},"isBigSmileItem":false,"isSoldOut":false,"cardDiscount":{"discountRate":0},"sellerInfo":{"sellCustNo":"155104283","sellLoginId":"emartmall2","nickname":"이마트몰쓱배송","isLmoOfficialSeller":false,"isFashionSquareSeller":false,"isBrandOfficialSeller":false},"hasOption":false,"isAdult":false,"isCartVisible":true,"discountRate":0,"sellPrice":1880,"tagLabels":[{"code":0,"text":"55"}],"buyUnitCount":1,"deliveryCode":"M","unitPrice":{"unit":100,"unitName":"mL","price":125},"rank":55,"lcode":"100000094","mcode":"200000563","scode":"300005673"},{"itemNo":"2518405645","itemName":"롯데 게토레이 1.5L","itemUrl":"https://item.gmarket.co.kr/Item?goodscode=2518405645","imageUrl":"//gdimg.gmarket.co.kr/2518405645/still/400?ver=1725237923","sdBrandName":"게토레이","itemPrice":3680,"buyCount":6327,"reviewPoint":{"starPoint":4.83,"reviewCount":1086},"isBigSmileItem":false,"isSoldOut":false,"couponDiscount":{"discountType":"R","discountPrice":"0","discountRate":"15"},"cardDiscount":{"discountRate":0},"sellerInfo":{"sellCustNo":"155104283","sellLoginId":"emartmall2","nickname":"이마트몰쓱배송","isLmoOfficialSeller":false,"isFashionSquareSeller":false,"isBrandOfficialSeller":false},"hasOption":false,"isAdult":false,"isCartVisible":true,"discountRate":0,"sellPrice":3680,"tagLabels":[{"code":0,"text":"56"}],"buyUnitCount":1,"deliveryCode":"M","unitPrice":{"unit":100,"unitName":"mL","price":245},"rank":56,"lcode":"100000094","mcode":"200001205","scode":"300013137"},{"itemNo":"2522741181","itemName":"웅진_티즐 제로 피치우롱티500mL","itemUrl":"https://item.gmarket.co.kr/Item?goodscode=2522741181","imageUrl":"//gdimg.gmarket.co.kr/2522741181/still/400?ver=1725107429","sdBrandName":"웅진","itemPrice":1600,"buyCount":10383,"reviewPoint":{"starPoint":4.74,"reviewCount":1215},"isBigSmileItem":false,"isSoldOut":false,"couponDiscount":{"discountType":"R","discountPrice":"0","discountRate":"15"},"cardDiscount":{"discountRate":0},"sellerInfo":{"sellCustNo":"155104283","sellLoginId":"emartmall2","nickname":"이마트몰쓱배송","isLmoOfficialSeller":false,"isFashionSquareSeller":false,"isBrandOfficialSeller":false},"hasOption":false,"isAdult":false,"isCartVisible":true,"discountRate":0,"sellPrice":1600,"tagLabels":[{"code":0,"text":"57"}],"buyUnitCount":1,"deliveryCode":"M","rank":57,"lcode":"100000094","mcode":"200002375","scode":"300012402"},{"itemNo":"2522374838","itemName":"코카콜라 300ml12PET","itemUrl":"https://item.gmarket.co.kr/Item?goodscode=2522374838","imageUrl":"//gdimg.gmarket.co.kr/2522374838/still/400?ver=1725101424","sdBrandName":"코카콜라","itemPrice":10980,"buyCount":1998,"reviewPoint":{"starPoint":4.72,"reviewCount":461},"isBigSmileItem":false,"isSoldOut":false,"couponDiscount":{"discountType":"R","discountPrice":"0","discountRate":"15"},"cardDiscount":{"discountRate":0},"sellerInfo":{"sellCustNo":"155104283","sellLoginId":"emartmall2","nickname":"이마트몰쓱배송","isLmoOfficialSeller":false,"isFashionSquareSeller":false,"isBrandOfficialSeller":false},"hasOption":false,"isAdult":false,"isCartVisible":true,"discountRate":0,"sellPrice":10980,"tagLabels":[{"code":0,"text":"58"}],"buyUnitCount":1,"deliveryCode":"M","unitPrice":{"unit":100,"unitName":"mL","price":305},"rank":58,"lcode":"100000094","mcode":"200000753","scode":"300024678"},{"itemNo":"2523345443","itemName":"노브랜드 식혜 음료 238ml12","itemUrl":"https://item.gmarket.co.kr/Item?goodscode=2523345443","imageUrl":"//gdimg.gmarket.co.kr/2523345443/still/400?ver=1725100087","sdBrandName":"노브랜드","itemPrice":5980,"buyCount":4098,"reviewPoint":{"starPoint":4.78,"reviewCount":1431},"isBigSmileItem":false,"isSoldOut":false,"cardDiscount":{"discountRate":0},"sellerInfo":{"sellCustNo":"155104283","sellLoginId":"emartmall2","nickname":"이마트몰쓱배송","isLmoOfficialSeller":false,"isFashionSquareSeller":false,"isBrandOfficialSeller":false},"hasOption":false,"isAdult":false,"isCartVisible":true,"discountRate":0,"sellPrice":5980,"tagLabels":[{"code":0,"text":"59"}],"buyUnitCount":1,"deliveryCode":"M","unitPrice":{"unit":100,"unitName":"mL","price":209},"rank":59,"lcode":"100000094","mcode":"200002375","scode":"300012402"},{"itemNo":"2542742687","itemName":"자연주의 유기농 식혜 1.8L","itemUrl":"https://item.gmarket.co.kr/Item?goodscode=2542742687","imageUrl":"//gdimg.gmarket.co.kr/2542742687/still/400?ver=1725126685","sdBrandName":"자연주의","itemPrice":5980,"buyCount":1321,"reviewPoint":{"starPoint":4.76,"reviewCount":384},"isBigSmileItem":false,"isSoldOut":false,"couponDiscount":{"discountType":"R","discountPrice":"0","discountRate":"15"},"cardDiscount":{"discountRate":0},"sellerInfo":{"sellCustNo":"155104283","sellLoginId":"emartmall2","nickname":"이마트몰쓱배송","isLmoOfficialSeller":false,"isFashionSquareSeller":false,"isBrandOfficialSeller":false},"hasOption":false,"isAdult":false,"isCartVisible":true,"discountRate":25,"sellPrice":7980,"tagLabels":[{"code":0,"text":"60"}],"buyUnitCount":1,"deliveryCode":"M","unitPrice":{"unit":100,"unitName":"mL","price":332},"rank":60,"lcode":"100000094","mcode":"200000390","scode":"300029211"},{"itemNo":"2519049001","itemName":"팔도 비락식혜 1.5L","itemUrl":"https://item.gmarket.co.kr/Item?goodscode=2519049001","imageUrl":"//gdimg.gmarket.co.kr/2519049001/still/400?ver=1725120397","sdBrandName":"팔도","itemPrice":2980,"buyCount":3329,"reviewPoint":{"starPoint":4.83,"reviewCount":908},"isBigSmileItem":false,"isSoldOut":false,"couponDiscount":{"discountType":"R","discountPrice":"0","discountRate":"15"},"cardDiscount":{"discountRate":0},"sellerInfo":{"sellCustNo":"155104283","sellLoginId":"emartmall2","nickname":"이마트몰쓱배송","isLmoOfficialSeller":false,"isFashionSquareSeller":false,"isBrandOfficialSeller":false},"hasOption":false,"isAdult":false,"isCartVisible":true,"discountRate":0,"sellPrice":2980,"tagLabels":[{"code":0,"text":"61"}],"buyUnitCount":1,"deliveryCode":"M","unitPrice":{"unit":100,"unitName":"mL","price":199},"rank":61,"lcode":"100000094","mcode":"200002375","scode":"300012402"},{"itemNo":"2522380747","itemName":"트레비 플레인300ml20입","itemUrl":"https://item.gmarket.co.kr/Item?goodscode=2522380747","imageUrl":"//gdimg.gmarket.co.kr/2522380747/still/400?ver=1725101293","sdBrandName":"롯데칠성","itemPrice":9780,"buyCount":2132,"reviewPoint":{"starPoint":4.75,"reviewCount":545},"isBigSmileItem":false,"isSoldOut":false,"couponDiscount":{"discountType":"R","discountPrice":"0","discountRate":"15"},"cardDiscount":{"discountRate":0},"sellerInfo":{"sellCustNo":"155104283","sellLoginId":"emartmall2","nickname":"이마트몰쓱배송","isLmoOfficialSeller":false,"isFashionSquareSeller":false,"isBrandOfficialSeller":false},"hasOption":false,"isAdult":false,"isCartVisible":true,"discountRate":0,"sellPrice":9780,"tagLabels":[{"code":0,"text":"62"}],"buyUnitCount":1,"deliveryCode":"M","unitPrice":{"unit":100,"unitName":"mL","price":163},"rank":62,"lcode":"100000094","mcode":"200001204","scode":"300029196"},{"itemNo":"4063883441","itemName":"칠성사이다 1L2입","itemUrl":"https://item.gmarket.co.kr/Item?goodscode=4063883441","imageUrl":"//gdimg.gmarket.co.kr/4063883441/still/400?ver=1725512891","itemPrice":2580,"buyCount":364,"reviewPoint":{"starPoint":4.74,"reviewCount":78},"isBigSmileItem":false,"isSoldOut":false,"couponDiscount":{"discountType":"R","discountPrice":"0","discountRate":"15"},"cardDiscount":{"discountRate":0},"sellerInfo":{"sellCustNo":"155104283","sellLoginId":"emartmall2","nickname":"이마트몰쓱배송","isLmoOfficialSeller":false,"isFashionSquareSeller":false,"isBrandOfficialSeller":false},"hasOption":false,"isAdult":false,"isCartVisible":true,"discountRate":0,"sellPrice":2580,"tagLabels":[{"code":0,"text":"63"}],"buyUnitCount":1,"deliveryCode":"M","rank":63,"lcode":"100000094","mcode":"200000753","scode":"300024678"},{"itemNo":"2523127987","itemName":"트레비 라임 300ml20입","itemUrl":"https://item.gmarket.co.kr/Item?goodscode=2523127987","imageUrl":"//gdimg.gmarket.co.kr/2523127987/still/400?ver=1725100162","sdBrandName":"롯데칠성","itemPrice":9780,"buyCount":3391,"reviewPoint":{"starPoint":4.7,"reviewCount":839},"isBigSmileItem":false,"isSoldOut":false,"couponDiscount":{"discountType":"R","discountPrice":"0","discountRate":"15"},"cardDiscount":{"discountRate":0},"sellerInfo":{"sellCustNo":"155104283","sellLoginId":"emartmall2","nickname":"이마트몰쓱배송","isLmoOfficialSeller":false,"isFashionSquareSeller":false,"isBrandOfficialSeller":false},"hasOption":false,"isAdult":false,"isCartVisible":true,"discountRate":0,"sellPrice":9780,"tagLabels":[{"code":0,"text":"64"}],"buyUnitCount":1,"deliveryCode":"M","unitPrice":{"unit":100,"unitName":"mL","price":163},"rank":64,"lcode":"100000094","mcode":"200001204","scode":"300029196"},{"itemNo":"2965416117","itemName":"미에로화이바 1.2L","itemUrl":"https://item.gmarket.co.kr/Item?goodscode=2965416117","imageUrl":"//gdimg.gmarket.co.kr/2965416117/still/400?ver=1725130823","sdBrandName":"미에로화이바","itemPrice":3480,"buyCount":4641,"reviewPoint":{"starPoint":4.76,"reviewCount":790},"isBigSmileItem":false,"isSoldOut":false,"couponDiscount":{"discountType":"R","discountPrice":"0","discountRate":"15"},"cardDiscount":{"discountRate":0},"sellerInfo":{"sellCustNo":"155104283","sellLoginId":"emartmall2","nickname":"이마트몰쓱배송","isLmoOfficialSeller":false,"isFashionSquareSeller":false,"isBrandOfficialSeller":false},"hasOption":false,"isAdult":false,"isCartVisible":true,"discountRate":0,"sellPrice":3480,"tagLabels":[{"code":0,"text":"65"}],"buyUnitCount":1,"deliveryCode":"M","rank":65,"lcode":"100000094","mcode":"200001205","scode":"300029197"},{"itemNo":"2518525438","itemName":"노브랜드 Fresh알로에음료1.5L","itemUrl":"https://item.gmarket.co.kr/Item?goodscode=2518525438","imageUrl":"//gdimg.gmarket.co.kr/2518525438/still/400?ver=1725107434","sdBrandName":"노브랜드","itemPrice":1880,"buyCount":10140,"reviewPoint":{"starPoint":4.78,"reviewCount":2238},"isBigSmileItem":false,"isSoldOut":false,"cardDiscount":{"discountRate":0},"sellerInfo":{"sellCustNo":"155104283","sellLoginId":"emartmall2","nickname":"이마트몰쓱배송","isLmoOfficialSeller":false,"isFashionSquareSeller":false,"isBrandOfficialSeller":false},"hasOption":false,"isAdult":false,"isCartVisible":true,"discountRate":0,"sellPrice":1880,"tagLabels":[{"code":0,"text":"66"}],"buyUnitCount":1,"deliveryCode":"M","unitPrice":{"unit":100,"unitName":"mL","price":125},"rank":66,"lcode":"100000094","mcode":"200000563","scode":"300005673"},{"itemNo":"2993965471","itemName":"비타500 제로 100ml 10입","itemUrl":"https://item.gmarket.co.kr/Item?goodscode=2993965471","imageUrl":"//gdimg.gmarket.co.kr/2993965471/still/400?ver=1725132622","itemPrice":8980,"buyCount":2489,"reviewPoint":{"starPoint":4.8,"reviewCount":583},"isBigSmileItem":false,"isSoldOut":false,"couponDiscount":{"discountType":"R","discountPrice":"0","discountRate":"15"},"cardDiscount":{"discountRate":0},"sellerInfo":{"sellCustNo":"155104283","sellLoginId":"emartmall2","nickname":"이마트몰쓱배송","isLmoOfficialSeller":false,"isFashionSquareSeller":false,"isBrandOfficialSeller":false},"hasOption":false,"isAdult":false,"isCartVisible":true,"discountRate":0,"sellPrice":8980,"tagLabels":[{"code":0,"text":"67"}],"buyUnitCount":1,"deliveryCode":"M","rank":67,"lcode":"100000094","mcode":"200001205","scode":"300029197"},{"itemNo":"2826908187","itemName":"노브랜드 스파클링 오렌지망고 1L","itemUrl":"https://item.gmarket.co.kr/Item?goodscode=2826908187","imageUrl":"//gdimg.gmarket.co.kr/2826908187/still/400?ver=1725127406","sdBrandName":"노브랜드","itemPrice":980,"buyCount":4862,"reviewPoint":{"starPoint":4.78,"reviewCount":931},"isBigSmileItem":false,"isSoldOut":false,"cardDiscount":{"discountRate":0},"sellerInfo":{"sellCustNo":"155104283","sellLoginId":"emartmall2","nickname":"이마트몰쓱배송","isLmoOfficialSeller":false,"isFashionSquareSeller":false,"isBrandOfficialSeller":false},"hasOption":false,"isAdult":false,"isCartVisible":true,"discountRate":0,"sellPrice":980,"tagLabels":[{"code":0,"text":"68"}],"buyUnitCount":1,"deliveryCode":"M","unitPrice":{"unit":100,"unitName":"mL","price":98},"rank":68,"lcode":"100000094","mcode":"200000753","scode":"300024678"},{"itemNo":"3052882902","itemName":"셀렉스프로틴 음료 오리지널 125ml 12입","itemUrl":"https://item.gmarket.co.kr/Item?goodscode=3052882902","imageUrl":"//gdimg.gmarket.co.kr/3052882902/still/400?ver=1725134792","sdBrandName":"셀렉스","itemPrice":19800,"buyCount":229,"reviewPoint":{"starPoint":4.78,"reviewCount":50},"isBigSmileItem":false,"isSoldOut":false,"couponDiscount":{"discountType":"R","discountPrice":"0","discountRate":"15"},"cardDiscount":{"discountRate":0},"sellerInfo":{"sellCustNo":"155104283","sellLoginId":"emartmall2","nickname":"이마트몰쓱배송","isLmoOfficialSeller":false,"isFashionSquareSeller":false,"isBrandOfficialSeller":false},"hasOption":false,"isAdult":false,"isCartVisible":true,"discountRate":0,"sellPrice":19800,"tagLabels":[{"code":0,"text":"69"}],"buyUnitCount":1,"deliveryCode":"M","rank":69,"lcode":"100000068","mcode":"200001197","scode":"300012534"},{"itemNo":"4046722912","itemName":"노브랜드 캔사이다 355ml6","itemUrl":"https://item.gmarket.co.kr/Item?goodscode=4046722912","imageUrl":"//gdimg.gmarket.co.kr/4046722912/still/400?ver=1725140368","sdBrandName":"노브랜드","itemPrice":2980,"buyCount":110,"reviewPoint":{"starPoint":4.74,"reviewCount":26},"isBigSmileItem":false,"isSoldOut":false,"couponDiscount":{"discountType":"R","discountPrice":"0","discountRate":"15"},"cardDiscount":{"discountRate":0},"sellerInfo":{"sellCustNo":"155104283","sellLoginId":"emartmall2","nickname":"이마트몰쓱배송","isLmoOfficialSeller":false,"isFashionSquareSeller":false,"isBrandOfficialSeller":false},"hasOption":false,"isAdult":false,"isCartVisible":true,"discountRate":0,"sellPrice":2980,"tagLabels":[{"code":0,"text":"70"}],"buyUnitCount":1,"deliveryCode":"M","unitPrice":{"unit":100,"unitName":"mL","price":140},"rank":70,"lcode":"100000094","mcode":"200000753","scode":"300024678"},{"itemNo":"2523115056","itemName":"쿨피스플러스 930ml2입 (맛 점포별 랜덤발송)","itemUrl":"https://item.gmarket.co.kr/Item?goodscode=2523115056","imageUrl":"//gdimg.gmarket.co.kr/2523115056/still/400?ver=1725099906","itemPrice":2180,"buyCount":5950,"reviewPoint":{"starPoint":4.81,"reviewCount":2309},"isBigSmileItem":false,"isSoldOut":false,"couponDiscount":{"discountType":"R","discountPrice":"0","discountRate":"15"},"cardDiscount":{"discountRate":0},"sellerInfo":{"sellCustNo":"155104283","sellLoginId":"emartmall2","nickname":"이마트몰쓱배송","isLmoOfficialSeller":false,"isFashionSquareSeller":false,"isBrandOfficialSeller":false},"hasOption":false,"isAdult":false,"isCartVisible":true,"discountRate":0,"sellPrice":2180,"tagLabels":[{"code":0,"text":"71"}],"buyUnitCount":1,"deliveryCode":"M","rank":71,"lcode":"100000094","mcode":"200000563","scode":"300005673"},{"itemNo":"2518934437","itemName":"진로토닉워터600ml","itemUrl":"https://item.gmarket.co.kr/Item?goodscode=2518934437","imageUrl":"//gdimg.gmarket.co.kr/2518934437/still/400?ver=1725113204","sdBrandName":"토닉워터","itemPrice":980,"buyCount":5836,"reviewPoint":{"starPoint":4.87,"reviewCount":534},"isBigSmileItem":false,"isSoldOut":false,"couponDiscount":{"discountType":"R","discountPrice":"0","discountRate":"15"},"cardDiscount":{"discountRate":0},"sellerInfo":{"sellCustNo":"155104283","sellLoginId":"emartmall2","nickname":"이마트몰쓱배송","isLmoOfficialSeller":false,"isFashionSquareSeller":false,"isBrandOfficialSeller":false},"hasOption":false,"isAdult":false,"isCartVisible":true,"discountRate":0,"sellPrice":980,"tagLabels":[{"code":0,"text":"72"}],"buyUnitCount":1,"deliveryCode":"M","unitPrice":{"unit":100,"unitName":"mL","price":163},"rank":72,"lcode":"100000094","mcode":"200000753","scode":"300024678"},{"itemNo":"3780885047","itemName":"농심 멘토스 스파클링워터 자몽 355ml","itemUrl":"https://item.gmarket.co.kr/Item?goodscode=3780885047","imageUrl":"//gdimg.gmarket.co.kr/3780885047/still/400?ver=1725144149","sdBrandName":"멘토스","itemPrice":720,"buyCount":1366,"reviewPoint":{"starPoint":4.75,"reviewCount":177},"isBigSmileItem":false,"isSoldOut":false,"couponDiscount":{"discountType":"R","discountPrice":"0","discountRate":"15"},"cardDiscount":{"discountRate":0},"sellerInfo":{"sellCustNo":"155104283","sellLoginId":"emartmall2","nickname":"이마트몰쓱배송","isLmoOfficialSeller":false,"isFashionSquareSeller":false,"isBrandOfficialSeller":false},"hasOption":false,"isAdult":false,"isCartVisible":true,"discountRate":0,"sellPrice":720,"tagLabels":[{"code":0,"text":"73"}],"buyUnitCount":1,"deliveryCode":"M","unitPrice":{"unit":100,"unitName":"mL","price":203},"rank":73,"lcode":"100000094","mcode":"200000753","scode":"300012350"},{"itemNo":"2537363033","itemName":"박카스F 120ml20입","itemUrl":"https://item.gmarket.co.kr/Item?goodscode=2537363033","imageUrl":"//gdimg.gmarket.co.kr/2537363033/still/400?ver=1725100379","sdBrandName":"동아제약","itemPrice":15980,"buyCount":1660,"reviewPoint":{"starPoint":4.74,"reviewCount":518},"isBigSmileItem":false,"isSoldOut":false,"couponDiscount":{"discountType":"R","discountPrice":"0","discountRate":"15"},"cardDiscount":{"discountRate":0},"sellerInfo":{"sellCustNo":"155104283","sellLoginId":"emartmall2","nickname":"이마트몰쓱배송","isLmoOfficialSeller":false,"isFashionSquareSeller":false,"isBrandOfficialSeller":false},"hasOption":false,"isAdult":false,"isCartVisible":true,"discountRate":0,"sellPrice":15980,"tagLabels":[{"code":0,"text":"74"}],"buyUnitCount":1,"deliveryCode":"M","unitPrice":{"unit":100,"unitName":"mL","price":666},"rank":74,"lcode":"100000094","mcode":"200001205","scode":"300029197"},{"itemNo":"2522856520","itemName":"오션스프레이 크랜베리 1.89L","itemUrl":"https://item.gmarket.co.kr/Item?goodscode=2522856520","imageUrl":"//gdimg.gmarket.co.kr/2522856520/still/400?ver=1725117380","sdBrandName":"오션스프레이","itemPrice":3880,"buyCount":2325,"reviewPoint":{"starPoint":4.72,"reviewCount":579},"isBigSmileItem":false,"isSoldOut":false,"couponDiscount":{"discountType":"R","discountPrice":"0","discountRate":"15"},"cardDiscount":{"discountRate":0},"sellerInfo":{"sellCustNo":"155104283","sellLoginId":"emartmall2","nickname":"이마트몰쓱배송","isLmoOfficialSeller":false,"isFashionSquareSeller":false,"isBrandOfficialSeller":false},"hasOption":false,"isAdult":false,"isCartVisible":true,"discountRate":43,"sellPrice":6880,"tagLabels":[{"code":0,"text":"75"}],"buyUnitCount":1,"deliveryCode":"M","rank":75,"lcode":"100000094","mcode":"200000563","scode":"300005673"},{"itemNo":"2522387306","itemName":"펩시콜라210캔10","itemUrl":"https://item.gmarket.co.kr/Item?goodscode=2522387306","imageUrl":"//gdimg.gmarket.co.kr/2522387306/still/400?ver=1725101226","sdBrandName":"롯데칠성","itemPrice":5480,"buyCount":3613,"reviewPoint":{"starPoint":4.77,"reviewCount":966},"isBigSmileItem":false,"isSoldOut":false,"couponDiscount":{"discountType":"R","discountPrice":"0","discountRate":"15"},"cardDiscount":{"discountRate":0},"sellerInfo":{"sellCustNo":"155104283","sellLoginId":"emartmall2","nickname":"이마트몰쓱배송","isLmoOfficialSeller":false,"isFashionSquareSeller":false,"isBrandOfficialSeller":false},"hasOption":false,"isAdult":false,"isCartVisible":true,"discountRate":0,"sellPrice":5480,"tagLabels":[{"code":0,"text":"76"}],"buyUnitCount":1,"deliveryCode":"M","unitPrice":{"unit":100,"unitName":"mL","price":261},"rank":76,"lcode":"100000094","mcode":"200000753","scode":"300024678"},{"itemNo":"2523156282","itemName":"미닛메이드 에션셜 오렌지 1.2L","itemUrl":"https://item.gmarket.co.kr/Item?goodscode=2523156282","imageUrl":"//gdimg.gmarket.co.kr/2523156282/still/400?ver=1725124044","itemPrice":1990,"buyCount":2190,"reviewPoint":{"starPoint":4.8,"reviewCount":373},"isBigSmileItem":false,"isSoldOut":false,"couponDiscount":{"discountType":"R","discountPrice":"0","discountRate":"15"},"cardDiscount":{"discountRate":0},"sellerInfo":{"sellCustNo":"155104283","sellLoginId":"emartmall2","nickname":"이마트몰쓱배송","isLmoOfficialSeller":false,"isFashionSquareSeller":false,"isBrandOfficialSeller":false},"hasOption":false,"isAdult":false,"isCartVisible":true,"discountRate":0,"sellPrice":1990,"tagLabels":[{"code":0,"text":"77"}],"buyUnitCount":1,"deliveryCode":"M","rank":77,"lcode":"100000094","mcode":"200000563","scode":"300005673"},{"itemNo":"2523408397","itemName":"삼다수 2L","itemUrl":"https://item.gmarket.co.kr/Item?goodscode=2523408397","imageUrl":"//gdimg.gmarket.co.kr/2523408397/still/400?ver=1711432387","sdBrandName":"제주삼다수","itemPrice":1080,"buyCount":35520,"reviewPoint":{"starPoint":4.66,"reviewCount":1090},"isBigSmileItem":false,"isSoldOut":false,"couponDiscount":{"discountType":"R","discountPrice":"0","discountRate":"15"},"cardDiscount":{"discountRate":0},"sellerInfo":{"sellCustNo":"155104283","sellLoginId":"emartmall2","nickname":"이마트몰쓱배송","isLmoOfficialSeller":false,"isFashionSquareSeller":false,"isBrandOfficialSeller":false},"hasOption":false,"isAdult":false,"isCartVisible":true,"discountRate":0,"sellPrice":1080,"tagLabels":[{"code":0,"text":"78"}],"buyUnitCount":6,"deliveryCode":"M","rank":78,"lcode":"100000094","mcode":"200001204","scode":"300012400"},{"itemNo":"3995845320","itemName":"게토레이 제로 1.5L","itemUrl":"https://item.gmarket.co.kr/Item?goodscode=3995845320","imageUrl":"//gdimg.gmarket.co.kr/3995845320/still/400?ver=1725140728","sdBrandName":"게토레이","itemPrice":3680,"buyCount":604,"reviewPoint":{"starPoint":4.75,"reviewCount":50},"isBigSmileItem":false,"isSoldOut":false,"couponDiscount":{"discountType":"R","discountPrice":"0","discountRate":"15"},"cardDiscount":{"discountRate":0},"sellerInfo":{"sellCustNo":"155104283","sellLoginId":"emartmall2","nickname":"이마트몰쓱배송","isLmoOfficialSeller":false,"isFashionSquareSeller":false,"isBrandOfficialSeller":false},"hasOption":false,"isAdult":false,"isCartVisible":true,"discountRate":0,"sellPrice":3680,"tagLabels":[{"code":0,"text":"79"}],"buyUnitCount":1,"deliveryCode":"M","unitPrice":{"unit":100,"unitName":"mL","price":245},"rank":79,"lcode":"100000094","mcode":"200001205","scode":"300013137"},{"itemNo":"2519439699","itemName":"웅진_티즐 제로 자몽블랙티 500ml","itemUrl":"https://item.gmarket.co.kr/Item?goodscode=2519439699","imageUrl":"//gdimg.gmarket.co.kr/2519439699/still/400?ver=1725121839","itemPrice":1600,"buyCount":11912,"reviewPoint":{"starPoint":4.77,"reviewCount":1283},"isBigSmileItem":false,"isSoldOut":false,"couponDiscount":{"discountType":"R","discountPrice":"0","discountRate":"15"},"cardDiscount":{"discountRate":0},"sellerInfo":{"sellCustNo":"155104283","sellLoginId":"emartmall2","nickname":"이마트몰쓱배송","isLmoOfficialSeller":false,"isFashionSquareSeller":false,"isBrandOfficialSeller":false},"hasOption":false,"isAdult":false,"isCartVisible":true,"discountRate":0,"sellPrice":1600,"tagLabels":[{"code":0,"text":"80"}],"buyUnitCount":1,"deliveryCode":"M","rank":80,"lcode":"100000094","mcode":"200002375","scode":"300012402"},{"itemNo":"2537364676","itemName":"블랙보리 라이트 1.5L","itemUrl":"https://item.gmarket.co.kr/Item?goodscode=2537364676","imageUrl":"//gdimg.gmarket.co.kr/2537364676/still/400?ver=1725114822","sdBrandName":"하이트진로","itemPrice":2080,"buyCount":17733,"reviewPoint":{"starPoint":4.76,"reviewCount":1672},"isBigSmileItem":false,"isSoldOut":false,"couponDiscount":{"discountType":"R","discountPrice":"0","discountRate":"15"},"cardDiscount":{"discountRate":0},"sellerInfo":{"sellCustNo":"155104283","sellLoginId":"emartmall2","nickname":"이마트몰쓱배송","isLmoOfficialSeller":false,"isFashionSquareSeller":false,"isBrandOfficialSeller":false},"hasOption":false,"isAdult":false,"isCartVisible":true,"discountRate":0,"sellPrice":2080,"tagLabels":[{"code":0,"text":"81"}],"buyUnitCount":1,"deliveryCode":"M","unitPrice":{"unit":100,"unitName":"mL","price":139},"rank":81,"lcode":"100000094","mcode":"200002375","scode":"300012402"},{"itemNo":"3780909506","itemName":"농심 멘토스 스파클링워터 딸기 355ml","itemUrl":"https://item.gmarket.co.kr/Item?goodscode=3780909506","imageUrl":"//gdimg.gmarket.co.kr/3780909506/still/400?ver=1725144149","sdBrandName":"멘토스","itemPrice":720,"buyCount":1371,"reviewPoint":{"starPoint":4.72,"reviewCount":129},"isBigSmileItem":false,"isSoldOut":false,"couponDiscount":{"discountType":"R","discountPrice":"0","discountRate":"15"},"cardDiscount":{"discountRate":0},"sellerInfo":{"sellCustNo":"155104283","sellLoginId":"emartmall2","nickname":"이마트몰쓱배송","isLmoOfficialSeller":false,"isFashionSquareSeller":false,"isBrandOfficialSeller":false},"hasOption":false,"isAdult":false,"isCartVisible":true,"discountRate":0,"sellPrice":720,"tagLabels":[{"code":0,"text":"82"}],"buyUnitCount":1,"deliveryCode":"M","unitPrice":{"unit":100,"unitName":"mL","price":203},"rank":82,"lcode":"100000094","mcode":"200000753","scode":"300012350"},{"itemNo":"2518969041","itemName":"노브랜드 든든한아침흑미와견과1.5L","itemUrl":"https://item.gmarket.co.kr/Item?goodscode=2518969041","imageUrl":"//gdimg.gmarket.co.kr/2518969041/still/400?ver=1725114113","sdBrandName":"노브랜드","itemPrice":1980,"buyCount":3593,"reviewPoint":{"starPoint":4.69,"reviewCount":944},"isBigSmileItem":false,"isSoldOut":false,"cardDiscount":{"discountRate":0},"sellerInfo":{"sellCustNo":"155104283","sellLoginId":"emartmall2","nickname":"이마트몰쓱배송","isLmoOfficialSeller":false,"isFashionSquareSeller":false,"isBrandOfficialSeller":false},"hasOption":false,"isAdult":false,"isCartVisible":true,"discountRate":0,"sellPrice":1980,"tagLabels":[{"code":0,"text":"83"}],"buyUnitCount":1,"deliveryCode":"M","unitPrice":{"unit":100,"unitName":"mL","price":132},"rank":83,"lcode":"100000094","mcode":"200002375","scode":"300012402"},{"itemNo":"2519409327","itemName":"스프라이트 제로 1L","itemUrl":"https://item.gmarket.co.kr/Item?goodscode=2519409327","imageUrl":"//gdimg.gmarket.co.kr/2519409327/still/400?ver=1725124352","sdBrandName":"스프라이트 제로","itemPrice":2380,"buyCount":14046,"reviewPoint":{"starPoint":4.74,"reviewCount":1684},"isBigSmileItem":false,"isSoldOut":false,"couponDiscount":{"discountType":"R","discountPrice":"0","discountRate":"15"},"cardDiscount":{"discountRate":0},"sellerInfo":{"sellCustNo":"155104283","sellLoginId":"emartmall2","nickname":"이마트몰쓱배송","isLmoOfficialSeller":false,"isFashionSquareSeller":false,"isBrandOfficialSeller":false},"hasOption":false,"isAdult":false,"isCartVisible":true,"discountRate":0,"sellPrice":2380,"tagLabels":[{"code":0,"text":"84"}],"buyUnitCount":1,"deliveryCode":"M","unitPrice":{"unit":100,"unitName":"mL","price":238},"rank":84,"lcode":"100000094","mcode":"200000753","scode":"300024678"},{"itemNo":"2845466808","itemName":"노브랜드 스파클링에이드 라임 1L","itemUrl":"https://item.gmarket.co.kr/Item?goodscode=2845466808","imageUrl":"//gdimg.gmarket.co.kr/2845466808/still/400?ver=1725128301","sdBrandName":"노브랜드","itemPrice":980,"buyCount":3365,"reviewPoint":{"starPoint":4.78,"reviewCount":581},"isBigSmileItem":false,"isSoldOut":false,"cardDiscount":{"discountRate":0},"sellerInfo":{"sellCustNo":"155104283","sellLoginId":"emartmall2","nickname":"이마트몰쓱배송","isLmoOfficialSeller":false,"isFashionSquareSeller":false,"isBrandOfficialSeller":false},"hasOption":false,"isAdult":false,"isCartVisible":true,"discountRate":0,"sellPrice":980,"tagLabels":[{"code":0,"text":"85"}],"buyUnitCount":1,"deliveryCode":"M","unitPrice":{"unit":100,"unitName":"mL","price":98},"rank":85,"lcode":"100000094","mcode":"200000753","scode":"300024678"},{"itemNo":"2522437151","itemName":"삼다수 330ml","itemUrl":"https://item.gmarket.co.kr/Item?goodscode=2522437151","imageUrl":"//gdimg.gmarket.co.kr/2522437151/still/400?ver=1705552636","sdBrandName":"제주삼다수","itemPrice":430,"buyCount":78720,"reviewPoint":{"starPoint":4.72,"reviewCount":796},"isBigSmileItem":false,"isSoldOut":false,"couponDiscount":{"discountType":"R","discountPrice":"0","discountRate":"15"},"cardDiscount":{"discountRate":0},"sellerInfo":{"sellCustNo":"155104283","sellLoginId":"emartmall2","nickname":"이마트몰쓱배송","isLmoOfficialSeller":false,"isFashionSquareSeller":false,"isBrandOfficialSeller":false},"hasOption":false,"isAdult":false,"isCartVisible":true,"discountRate":0,"sellPrice":430,"tagLabels":[{"code":0,"text":"86"}],"buyUnitCount":4,"deliveryCode":"M","rank":86,"lcode":"100000094","mcode":"200001204","scode":"300012400"},{"itemNo":"2518766126","itemName":"광동 비타500 (180ml10개)","itemUrl":"https://item.gmarket.co.kr/Item?goodscode=2518766126","imageUrl":"//gdimg.gmarket.co.kr/2518766126/still/400?ver=1725582085","sdBrandName":"광동","itemPrice":14800,"buyCount":1427,"reviewPoint":{"starPoint":4.82,"reviewCount":330},"isBigSmileItem":false,"isSoldOut":false,"couponDiscount":{"discountType":"R","discountPrice":"0","discountRate":"15"},"cardDiscount":{"discountRate":0},"sellerInfo":{"sellCustNo":"155104283","sellLoginId":"emartmall2","nickname":"이마트몰쓱배송","isLmoOfficialSeller":false,"isFashionSquareSeller":false,"isBrandOfficialSeller":false},"hasOption":false,"isAdult":false,"isCartVisible":true,"discountRate":0,"sellPrice":14800,"tagLabels":[{"code":0,"text":"87"}],"buyUnitCount":1,"deliveryCode":"M","unitPrice":{"unit":100,"unitName":"mL","price":822},"rank":87,"lcode":"100000094","mcode":"200001205","scode":"300029197"},{"itemNo":"2522457336","itemName":"델몬트 드링크 버라이어티팩 (오렌지+포도+망고+사과) 190㎖12팩","itemUrl":"https://item.gmarket.co.kr/Item?goodscode=2522457336","imageUrl":"//gdimg.gmarket.co.kr/2522457336/still/400?ver=1725101533","sdBrandName":"롯데칠성","itemPrice":5480,"buyCount":2620,"reviewPoint":{"starPoint":4.75,"reviewCount":661},"isBigSmileItem":false,"isSoldOut":false,"couponDiscount":{"discountType":"R","discountPrice":"0","discountRate":"15"},"cardDiscount":{"discountRate":0},"sellerInfo":{"sellCustNo":"155104283","sellLoginId":"emartmall2","nickname":"이마트몰쓱배송","isLmoOfficialSeller":false,"isFashionSquareSeller":false,"isBrandOfficialSeller":false},"hasOption":false,"isAdult":false,"isCartVisible":true,"discountRate":0,"sellPrice":5480,"tagLabels":[{"code":0,"text":"88"}],"buyUnitCount":1,"deliveryCode":"M","unitPrice":{"unit":100,"unitName":"mL","price":240},"rank":88,"lcode":"100000094","mcode":"200000563","scode":"300005673"},{"itemNo":"2523301324","itemName":"파머스에이드바청귤1.0팩","itemUrl":"https://item.gmarket.co.kr/Item?goodscode=2523301324","imageUrl":"//gdimg.gmarket.co.kr/2523301324/still/400?ver=1725121315","itemPrice":5180,"buyCount":1929,"reviewPoint":{"starPoint":4.77,"reviewCount":344},"isBigSmileItem":false,"isSoldOut":false,"couponDiscount":{"discountType":"R","discountPrice":"0","discountRate":"15"},"cardDiscount":{"discountRate":0},"sellerInfo":{"sellCustNo":"155104283","sellLoginId":"emartmall2","nickname":"이마트몰쓱배송","isLmoOfficialSeller":false,"isFashionSquareSeller":false,"isBrandOfficialSeller":false},"hasOption":false,"isAdult":false,"isCartVisible":true,"discountRate":0,"sellPrice":5180,"tagLabels":[{"code":0,"text":"89"}],"buyUnitCount":1,"deliveryCode":"M","rank":89,"lcode":"100000094","mcode":"200000563","scode":"300005673"},{"itemNo":"2537367842","itemName":"웰치스 웰치 그레이프맛 (355ml6개)","itemUrl":"https://item.gmarket.co.kr/Item?goodscode=2537367842","imageUrl":"//gdimg.gmarket.co.kr/2537367842/still/400?ver=1725088227","sdBrandName":"웰치스","itemPrice":5680,"buyCount":1598,"reviewPoint":{"starPoint":4.83,"reviewCount":286},"isBigSmileItem":false,"isSoldOut":false,"couponDiscount":{"discountType":"R","discountPrice":"0","discountRate":"15"},"cardDiscount":{"discountRate":0},"sellerInfo":{"sellCustNo":"155104283","sellLoginId":"emartmall2","nickname":"이마트몰쓱배송","isLmoOfficialSeller":false,"isFashionSquareSeller":false,"isBrandOfficialSeller":false},"hasOption":false,"isAdult":false,"isCartVisible":true,"discountRate":0,"sellPrice":5680,"tagLabels":[{"code":0,"text":"90"}],"buyUnitCount":1,"deliveryCode":"M","unitPrice":{"unit":100,"unitName":"mL","price":267},"rank":90,"lcode":"100000094","mcode":"200000753","scode":"300024678"},{"itemNo":"2804990320","itemName":"노브랜드 스파클링에이드 백포도 1L","itemUrl":"https://item.gmarket.co.kr/Item?goodscode=2804990320","imageUrl":"//gdimg.gmarket.co.kr/2804990320/still/400?ver=1725131009","sdBrandName":"노브랜드","itemPrice":980,"buyCount":4424,"reviewPoint":{"starPoint":4.79,"reviewCount":872},"isBigSmileItem":false,"isSoldOut":false,"cardDiscount":{"discountRate":0},"sellerInfo":{"sellCustNo":"155104283","sellLoginId":"emartmall2","nickname":"이마트몰쓱배송","isLmoOfficialSeller":false,"isFashionSquareSeller":false,"isBrandOfficialSeller":false},"hasOption":false,"isAdult":false,"isCartVisible":true,"discountRate":0,"sellPrice":980,"tagLabels":[{"code":0,"text":"91"}],"buyUnitCount":1,"deliveryCode":"M","unitPrice":{"unit":100,"unitName":"mL","price":98},"rank":91,"lcode":"100000094","mcode":"200000753","scode":"300024678"},{"itemNo":"2518579992","itemName":"롯데 칠성 사이다 1.5L +펩시 콜라 1.5L","itemUrl":"https://item.gmarket.co.kr/Item?goodscode=2518579992","imageUrl":"//gdimg.gmarket.co.kr/2518579992/still/400?ver=1725090968","sdBrandName":"롯데칠성","itemPrice":3980,"buyCount":2916,"reviewPoint":{"starPoint":4.75,"reviewCount":683},"isBigSmileItem":false,"isSoldOut":false,"couponDiscount":{"discountType":"R","discountPrice":"0","discountRate":"15"},"cardDiscount":{"discountRate":0},"sellerInfo":{"sellCustNo":"155104283","sellLoginId":"emartmall2","nickname":"이마트몰쓱배송","isLmoOfficialSeller":false,"isFashionSquareSeller":false,"isBrandOfficialSeller":false},"hasOption":false,"isAdult":false,"isCartVisible":true,"discountRate":0,"sellPrice":3980,"tagLabels":[{"code":0,"text":"92"}],"buyUnitCount":1,"deliveryCode":"M","rank":92,"lcode":"100000094","mcode":"200000753","scode":"300024678"},{"itemNo":"2525837346","itemName":"웅진_옥수수수염차 1.35L","itemUrl":"https://item.gmarket.co.kr/Item?goodscode=2525837346","imageUrl":"//gdimg.gmarket.co.kr/2525837346/still/400?ver=1725122742","sdBrandName":"웅진","itemPrice":2080,"buyCount":2271,"reviewPoint":{"starPoint":4.74,"reviewCount":364},"isBigSmileItem":false,"isSoldOut":false,"couponDiscount":{"discountType":"R","discountPrice":"0","discountRate":"15"},"cardDiscount":{"discountRate":0},"sellerInfo":{"sellCustNo":"155104283","sellLoginId":"emartmall2","nickname":"이마트몰쓱배송","isLmoOfficialSeller":false,"isFashionSquareSeller":false,"isBrandOfficialSeller":false},"hasOption":false,"isAdult":false,"isCartVisible":true,"discountRate":0,"sellPrice":2080,"tagLabels":[{"code":0,"text":"93"}],"buyUnitCount":1,"deliveryCode":"M","unitPrice":{"unit":100,"unitName":"mL","price":154},"rank":93,"lcode":"100000094","mcode":"200002375","scode":"300012402"},{"itemNo":"3119336115","itemName":"파워에이드 제로 1.5L","itemUrl":"https://item.gmarket.co.kr/Item?goodscode=3119336115","imageUrl":"//gdimg.gmarket.co.kr/3119336115/still/400?ver=1725132268","sdBrandName":"파워에이드 제로","itemPrice":1880,"buyCount":4177,"reviewPoint":{"starPoint":4.76,"reviewCount":468},"isBigSmileItem":false,"isSoldOut":false,"couponDiscount":{"discountType":"R","discountPrice":"0","discountRate":"15"},"cardDiscount":{"discountRate":0},"sellerInfo":{"sellCustNo":"155104283","sellLoginId":"emartmall2","nickname":"이마트몰쓱배송","isLmoOfficialSeller":false,"isFashionSquareSeller":false,"isBrandOfficialSeller":false},"hasOption":false,"isAdult":false,"isCartVisible":true,"discountRate":0,"sellPrice":1880,"tagLabels":[{"code":0,"text":"94"}],"buyUnitCount":1,"deliveryCode":"M","unitPrice":{"unit":100,"unitName":"mL","price":125},"rank":94,"lcode":"100000094","mcode":"200001205","scode":"300013137"},{"itemNo":"2859409567","itemName":"티즐 제로 피치얼그레이 500ml","itemUrl":"https://item.gmarket.co.kr/Item?goodscode=2859409567","imageUrl":"//gdimg.gmarket.co.kr/2859409567/still/400?ver=1725129749","sdBrandName":"웅진","itemPrice":1680,"buyCount":4598,"reviewPoint":{"starPoint":4.78,"reviewCount":629},"isBigSmileItem":false,"isSoldOut":false,"couponDiscount":{"discountType":"R","discountPrice":"0","discountRate":"15"},"cardDiscount":{"discountRate":0},"sellerInfo":{"sellCustNo":"155104283","sellLoginId":"emartmall2","nickname":"이마트몰쓱배송","isLmoOfficialSeller":false,"isFashionSquareSeller":false,"isBrandOfficialSeller":false},"hasOption":false,"isAdult":false,"isCartVisible":true,"discountRate":0,"sellPrice":1680,"tagLabels":[{"code":0,"text":"95"}],"buyUnitCount":1,"deliveryCode":"M","unitPrice":{"unit":100,"unitName":"mL","price":336},"rank":95,"lcode":"100000094","mcode":"200002375","scode":"300012402"},{"itemNo":"3038763656","itemName":"캐치 티니핑 사과맛 200㎖","itemUrl":"https://item.gmarket.co.kr/Item?goodscode=3038763656","imageUrl":"//gdimg.gmarket.co.kr/3038763656/still/400?ver=1725133716","itemPrice":1280,"buyCount":1159,"reviewPoint":{"starPoint":4.67,"reviewCount":113},"isBigSmileItem":false,"isSoldOut":false,"couponDiscount":{"discountType":"R","discountPrice":"0","discountRate":"15"},"cardDiscount":{"discountRate":0},"sellerInfo":{"sellCustNo":"155104283","sellLoginId":"emartmall2","nickname":"이마트몰쓱배송","isLmoOfficialSeller":false,"isFashionSquareSeller":false,"isBrandOfficialSeller":false},"hasOption":false,"isAdult":false,"isCartVisible":true,"discountRate":0,"sellPrice":1280,"tagLabels":[{"code":0,"text":"96"}],"buyUnitCount":1,"deliveryCode":"M","rank":96,"lcode":"100000094","mcode":"200000563","scode":"300021919"},{"itemNo":"3038763888","itemName":"캐치 티니핑 딸기맛 200㎖","itemUrl":"https://item.gmarket.co.kr/Item?goodscode=3038763888","imageUrl":"//gdimg.gmarket.co.kr/3038763888/still/400?ver=1725133716","itemPrice":1280,"buyCount":1522,"reviewPoint":{"starPoint":4.78,"reviewCount":143},"isBigSmileItem":false,"isSoldOut":false,"couponDiscount":{"discountType":"R","discountPrice":"0","discountRate":"15"},"cardDiscount":{"discountRate":0},"sellerInfo":{"sellCustNo":"155104283","sellLoginId":"emartmall2","nickname":"이마트몰쓱배송","isLmoOfficialSeller":false,"isFashionSquareSeller":false,"isBrandOfficialSeller":false},"hasOption":false,"isAdult":false,"isCartVisible":true,"discountRate":0,"sellPrice":1280,"tagLabels":[{"code":0,"text":"97"}],"buyUnitCount":1,"deliveryCode":"M","rank":97,"lcode":"100000094","mcode":"200000563","scode":"300021919"},{"itemNo":"2522288504","itemName":"피코크 블렌디드 딸기 870ml","itemUrl":"https://item.gmarket.co.kr/Item?goodscode=2522288504","imageUrl":"//gdimg.gmarket.co.kr/2522288504/still/400?ver=1725099632","itemPrice":7980,"buyCount":3085,"reviewPoint":{"starPoint":4.81,"reviewCount":1025},"isBigSmileItem":false,"isSoldOut":false,"couponDiscount":{"discountType":"R","discountPrice":"0","discountRate":"15"},"cardDiscount":{"discountRate":0},"sellerInfo":{"sellCustNo":"155104283","sellLoginId":"emartmall2","nickname":"이마트몰쓱배송","isLmoOfficialSeller":false,"isFashionSquareSeller":false,"isBrandOfficialSeller":false},"hasOption":false,"isAdult":false,"isCartVisible":true,"discountRate":0,"sellPrice":7980,"tagLabels":[{"code":0,"text":"98"}],"buyUnitCount":1,"deliveryCode":"M","rank":98,"lcode":"100000094","mcode":"200000563","scode":"300005673"},{"itemNo":"2518969131","itemName":"노브랜드 사과100 1.5L","itemUrl":"https://item.gmarket.co.kr/Item?goodscode=2518969131","imageUrl":"//gdimg.gmarket.co.kr/2518969131/still/400?ver=1725113906","sdBrandName":"노브랜드","itemPrice":2280,"buyCount":4306,"reviewPoint":{"starPoint":4.76,"reviewCount":1043},"isBigSmileItem":false,"isSoldOut":false,"cardDiscount":{"discountRate":0},"sellerInfo":{"sellCustNo":"155104283","sellLoginId":"emartmall2","nickname":"이마트몰쓱배송","isLmoOfficialSeller":false,"isFashionSquareSeller":false,"isBrandOfficialSeller":false},"hasOption":false,"isAdult":false,"isCartVisible":true,"discountRate":0,"sellPrice":2280,"tagLabels":[{"code":0,"text":"99"}],"buyUnitCount":1,"deliveryCode":"M","unitPrice":{"unit":100,"unitName":"mL","price":152},"rank":99,"lcode":"100000094","mcode":"200000563","scode":"300005673"},{"itemNo":"3045841625","itemName":"okf 워터멜론 1.5L","itemUrl":"https://item.gmarket.co.kr/Item?goodscode=3045841625","imageUrl":"//gdimg.gmarket.co.kr/3045841625/still/400?ver=1725132819","itemPrice":3980,"buyCount":1686,"reviewPoint":{"starPoint":4.61,"reviewCount":342},"isBigSmileItem":false,"isSoldOut":false,"couponDiscount":{"discountType":"R","discountPrice":"0","discountRate":"15"},"cardDiscount":{"discountRate":0},"sellerInfo":{"sellCustNo":"155104283","sellLoginId":"emartmall2","nickname":"이마트몰쓱배송","isLmoOfficialSeller":false,"isFashionSquareSeller":false,"isBrandOfficialSeller":false},"hasOption":false,"isAdult":false,"isCartVisible":true,"discountRate":0,"sellPrice":3980,"tagLabels":[{"code":0,"text":"100"}],"buyUnitCount":1,"deliveryCode":"M","rank":100,"lcode":"100000094","mcode":"200000563","scode":"300005673"}]},"sortOption":"Popularity"},"bigSmileDay":{"isBigSmileDay":true,"bsdTagImageUrl":"//image.gmarket.co.kr/hanbando/202408/a4e449b9-22a7-4df9-aaa4-148d912fcc83.png","bsdTagAltText":"한가위 빅세일","bsdToggleText":"//image.gmarket.co.kr/hanbando/202408/59082f4f-8cf6-4b62-b345-1072bb0c0d3c.gif","bsdToggleBackGround":"//image.gmarket.co.kr/hanbando/202408/7911f573-e13d-4fcc-80de-3c1fbed2bfdb.png","bsdToggleUseSmileIcon":false,"bsdToggleOnAltText":"한가위 빅세일 필터 ","bsdToggleOffAltText":"한가위 빅세일 필터 "},"isSFC":false}},"__N_SSP":true},"page":"/n/smilefresh/best","query":{"categoryCode":"100001032"},"buildId":"FuleE6RJUYphys9RuEDG0","assetPrefix":"/n/smilefresh","isFallback":false,"gssp":true,"customServer":true,"scriptLoader":[]}</script><script>(function(){function c(){var b=a.contentDocument||a.contentWindow.document;if(b){var d=b.createElement('script');d.innerHTML="window.__CF$cv$params={r:'8bea75601fa8a7dd',t:'MTcyNTU4Mzc1OS4wMDAwMDA='};var a=document.createElement('script');a.nonce='';a.src='/cdn-cgi/challenge-platform/scripts/jsd/main.js';document.getElementsByTagName('head')[0].appendChild(a);";b.getElementsByTagName('head')[0].appendChild(d)}}if(document.body){var a=document.createElement('iframe');a.height=1;a.width=1;a.style.position='absolute';a.style.top=0;a.style.left=0;a.style.border='none';a.style.visibility='hidden';document.body.appendChild(a);if('loading'!==document.readyState)c();else if(window.addEventListener)document.addEventListener('DOMContentLoaded',c);else{var e=document.onreadystatechange||function(){};document.onreadystatechange=function(b){e(b);'loading'!==document.readyState&&(document.onreadystatechange=e,c())}}}})();</script></body></html>