<!DOCTYPE html><html lang="ko" class="no-js platform__web os__windows"><head><meta name="viewport" content="width=1260"/><meta charSet="utf-8"/><meta http-equiv="X-UA-Compatible" content="ie=edge"/><meta name="msapplication-starturl" content="https://www.gmarket.co.kr/n/smilefresh"/><meta property="og:site_name" content="Gmarket"/><meta property="og:title" content="[G마켓] 스마일프레시"/><meta property="og:type" content="website"/><meta property="og:image" content="http://pics.gmarket.co.kr/share/G_smilefresh_1.0.png"/><meta http-equiv="x-dns-prefetch-control" content="on"/><link rel="dns-prefetch" href="https://pics.gmarket.co.kr/"/><link rel="dns-prefetch" href="https://script.gmarket.co.kr/"/><link rel="dns-prefetch" href="https://image.gmarket.co.kr/"/><link rel="dns-prefetch" href="https://gdimg.gmarket.co.kr/"/><link rel="dns-prefetch" href="https://ad-img.gmarket.com/"/><meta name="p:domain_verify" content="f439a07b31c110a1a16c9a468a630af9"/><meta property="fb:admins" content="100000991027914"/><link rel="apple-touch-icon-precomposed" href="http://image.gmarket.co.kr/Gmarket_Mobile_v2/icon_01.png"/><link rel="shortcut icon" href="https://image.gmarket.co.kr/favicon/gmarket.ico"/><link rel="stylesheet" href="https://script.gmarket.co.kr/pc/css/ko/common.css"/><link rel="stylesheet" href="https://script.gmarket.co.kr/pc/css/common/kr/ui/common.css"/><link rel="stylesheet" href="https://script.gmarket.co.kr/pc/css/common/kr/swiper.min.css"/><link rel="stylesheet" href="https://script.gmarket.co.kr/pc/css/application/kr/smilefresh/app.css"/><link rel="stylesheet" href="https://script.gmarket.co.kr/pc/css/common/kr/ui/desktop_layout.css"/><link rel="preload" as="script" href="https://script.gmarket.co.kr/mobile/js/common/kr/util/viewability.js"/><link rel="preload" as="script" href="https://script.gmarket.co.kr/js/common/ats_gmkt.js"/><link rel="preload" as="script" href="https://script.gmarket.co.kr/fnp/desktop-layout.js"/><style>img[class*=no-js],.swiper-lazy.swiper-lazy-loaded{opacity:1;transition:opacity 0.2s;}img[src^=data],.swiper-lazy{opacity:0;}</style><title>스마일프레시 - 우유/유제품/유아식</title><meta name="description" content="우유/유제품/유아식 카테고리 상품입니다."/><meta property="og:description" content="우유/유제품/유아식 카테고리 상품입니다."/><meta property="og:url" content="https://www.gmarket.co.kr/n/smilefresh/category?categoryCode=100001009"/><link rel="canonical" href="category@categoryCode=100001009.html"/><link rel="alternate" media="only screen and (max-width: 640px)" href="https://m.gmarket.co.kr/n/smilefresh/category?categoryCode=100001009"/><meta name="next-head-count" content="33"/><noscript data-n-css=""></noscript><script defer="" nomodule="" src="_next/static/chunks/polyfills-c67a75d1b6f99dc8.js"></script><script defer="" nomodule="" src="_next/static/chunks/polyfills-next-pack-2cc6155c435f3c28.js"></script><script src="_next/static/chunks/webpack-d1ca374413357f9c.js" defer=""></script><script src="_next/static/chunks/framework-0bff4c72fef67389.js" defer=""></script><script src="_next/static/chunks/main-92a66ce9cd5c1b79.js" defer=""></script><script src="_next/static/chunks/pages/_app-e41d5dd9fd26cf09.js" defer=""></script><script src="_next/static/chunks/94a7ad86-beff1d5f4916f37c.js" defer=""></script><script src="_next/static/chunks/c30a072d-b284a345e70d4a79.js" defer=""></script><script src="_next/static/chunks/971-4b1e901bc43526de.js" defer=""></script><script src="_next/static/chunks/765-5e6e5dea54f3191b.js" defer=""></script><script src="_next/static/chunks/186-c103d92344bdb142.js" defer=""></script><script src="_next/static/chunks/29-aeaaef68278b881e.js" defer=""></script><script src="_next/static/chunks/401-32b649bde914004a.js" defer=""></script><script src="_next/static/chunks/233-03ce063c0eec1686.js" defer=""></script><script src="_next/static/chunks/37-724e4d76d42b66f8.js" defer=""></script><script src="_next/static/chunks/pages/n/smilefresh/category-17d9bb5cee77eadc.js" defer=""></script><script src="_next/static/FuleE6RJUYphys9RuEDG0/_buildManifest.js" defer=""></script><script src="_next/static/FuleE6RJUYphys9RuEDG0/_ssgManifest.js" defer=""></script></head><body class="smilefresh"><script>document.documentElement.className = document.documentElement.className.replace('no-js', 'js');</script><noscript><iframe src="https://www.googletagmanager.com/ns.html?id=GTM-MFMM9GV" height="0" width="0" style="display:none;visibility:hidden" title="smilefresh"></iframe></noscript><div id="__next" data-reactroot=""><div id="skip-navigation" class="skip-navigation-simpleheader"><strong class="for-a11y">스킵 네비게이션</strong><ul><li><a href="category@categoryCode=100001009.html#skip-navigation-search">검색창 바로가기</a></li><li><a href="category@categoryCode=100001009.html#button__category-all">전체카테고리 바로가기</a></li><li><a href="category@categoryCode=100001009.html#container">본문 바로가기</a></li></ul></div><div style="min-height:40px"></div><h2 class="for-a11y">스마일프레시 검색창</h2><div id="smile_gnb" class="smilefresh_gnb" role="complementary" style="position:relative;top:0;z-index:400"><div class="gnb_container"><div class="layout_left"><div id="_smilelnb" class="corenavi navi_allmenu"><button type="button" class="navi_opener" aria-label="스마일프레시 카테고리 메뉴" aria-expanded="false" aria-controls="smiledelivery_category_list"><p class="for-a11y">전체메뉴</p><em class="ico_hambugermenu"><span class="line1"></span><span class="line2"></span><span class="line3"></span></em></button></div><h1><a title="스마일프레시" href="../smilefresh.html"><img src="https://pics.gmarket.co.kr/pc/single/kr/smilefresh/logo_smilefresh.png" height="32" alt="스마일프레시"/></a></h1><div class="smile_search"><form method="get" action="https://www.gmarket.co.kr/n/smilefresh/search"><div class="search_box"><input type="text" class="search_input_keyword" name="keyword" title="검색어입력" aria-label="스마일프레시 검색 입력" autoComplete="off" spellcheck="false" autoCorrect="off" autoCapitalize="off" value=""/><input type="submit" value="검색" class="search_btn_ok sp_sd" style="cursor:pointer"/></div><div class="suggestion_search"></div></form></div></div><div class="layout_right"><a href="https://myg.gmarket.co.kr/ContractList/ContractList" class="link__my sp_sd--before">장본내역</a><div class="cart_guage"><a href="https://cart.gmarket.co.kr/ko/cart/smilefresh" class="cart sp_sd"><span class="for-a11y">장바구니</span></a><span class="for-a11y">장바구니에 담긴 상품수</span></div></div></div><div class="box__smilefresh"><div class="box__smilefresh-inner"><ul class="list__tab" aria-label="스마일프레시 메뉴"><li><a class="link__tab" href="../smilefresh.html">홈</a></li><li><a class="link__tab" href="brand.html">브랜드</a></li><li><a class="link__tab" href="best.html">베스트</a></li><li><a class="link__tab" href="sale.html">행사중</a></li><li><a class="link__tab" href="freq-buy.html">자주구매</a></li></ul><a href="guide.html" class="link__guide sprite__smilefresh--after">스마일프레시 알아보기</a></div></div></div><div id="container" role="main"><div class="box__component box__smilefresh-delivery"><div class="box__component-inner"><div class="box__delivery-info login"><span class="sprite__smilefresh--before text__address"><span class="text__state">로그인</span>을 진행해 주세요</span><a class="button__address" href="category@categoryCode=100001009.html">로그인</a></div></div></div><div class="box__smilefresh-content box__smilefresh-category"><div class="box__module-wrap"><div class="box__module-inner"><div class="box__module-title"><h1 class="text__title">우유/유제품/유아식</h1><span class="text__sub-info" aria-live="polite" aria-atomic="true"><span class="text__deco">849개</span>의 상품</span></div><div class="box__indicator"><div class="box__inner"><ul class="list__location"><li class="list-item"><a href="../smilefresh.html" class="link__location">스마일프레시 홈</a></li><li class="list-item" aria-current="location"><span class="link__location">우유/유제품/유아식</span></li></ul><ul class="list__sort" aria-label="정렬 옵션"><li class="sprite__smilefresh--before list-item js-active"><button class="button__sort" aria-current="true">판매인기순</button></li><li class="sprite__smilefresh--before list-item"><button class="button__sort" aria-current="false">낮은가격순</button></li><li class="sprite__smilefresh--before list-item"><button class="button__sort" aria-current="false">높은가격순</button></li></ul></div></div></div></div><div class="box__smilefresh-inner"><div class="wrap__filter"><ul class="list__filter"><li class="wrap__filter-item category active"><button type="button" class="sprite__smilefresh--after button__filter-title" aria-expanded="true"><span class="text__filter-title">카테고리</span></button><div class="wrap__filter-item-content" aria-hidden="false"><ul aria-label="1단계"><li class="button__goto-category single active"><label for="category-root-1" class="text__item-name" role="button" tabindex="0" aria-current="true">우유/유제품/유아식</label><input type="radio" id="category-root-1" name="c" value="100001009" checked=""/></li></ul><ul class="list__items" aria-label="2단계"><li class="item"><label for="category-depth1-1" class="text__item-name" role="button" tabindex="0" aria-current="false">우유</label><input type="radio" id="category-depth1-1" name="c" value="200000006"/></li><li class="item"><label for="category-depth1-2" class="text__item-name" role="button" tabindex="0" aria-current="false">요거트/요구르트</label><input type="radio" id="category-depth1-2" name="c" value="200000051"/></li><li class="item"><label for="category-depth1-3" class="text__item-name" role="button" tabindex="0" aria-current="false">두유</label><input type="radio" id="category-depth1-3" name="c" value="200000052"/></li><li class="item"><label for="category-depth1-4" class="text__item-name" role="button" tabindex="0" aria-current="false">치즈</label><input type="radio" id="category-depth1-4" name="c" value="200000053"/></li><li class="item"><label for="category-depth1-5" class="text__item-name" role="button" tabindex="0" aria-current="false">버터/생크림/연유</label><input type="radio" id="category-depth1-5" name="c" value="200000054"/></li><li class="item"><label for="category-depth1-6" class="text__item-name" role="button" tabindex="0" aria-current="false">분유</label><input type="radio" id="category-depth1-6" name="c" value="200000055"/></li><li class="item"><label for="category-depth1-7" class="text__item-name" role="button" tabindex="0" aria-current="false">이유식</label><input type="radio" id="category-depth1-7" name="c" value="200000056"/></li><li class="item"><label for="category-depth1-8" class="text__item-name" role="button" tabindex="0" aria-current="false">유아간식/음료</label><input type="radio" id="category-depth1-8" name="c" value="200000057"/></li></ul></div></li><li class="wrap__filter-item brand active"><button type="button" class="sprite__smilefresh--after button__filter-title" aria-expanded="true"><span class="text__filter-title">브랜드</span></button><div class="wrap__filter-item-content" aria-hidden="false"><ul class="list__items type-checkbox"><li class="item"><input type="checkbox" id="child-brand-checkbox-1" class="sprite__smilefresh form__checkbox" value="35928" name="b" tabindex="0"/><label for="child-brand-checkbox-1" class="text__checkbox">매일유업</label></li><li class="item"><input type="checkbox" id="child-brand-checkbox-2" class="sprite__smilefresh form__checkbox" value="22236" name="b" tabindex="0"/><label for="child-brand-checkbox-2" class="text__checkbox">남양</label></li><li class="item"><input type="checkbox" id="child-brand-checkbox-3" class="sprite__smilefresh form__checkbox" value="22865" name="b" tabindex="0"/><label for="child-brand-checkbox-3" class="text__checkbox">서울우유</label></li><li class="item"><input type="checkbox" id="child-brand-checkbox-4" class="sprite__smilefresh form__checkbox" value="26874" name="b" tabindex="0"/><label for="child-brand-checkbox-4" class="text__checkbox">동원</label></li><li class="item"><input type="checkbox" id="child-brand-checkbox-5" class="sprite__smilefresh form__checkbox" value="26015" name="b" tabindex="0"/><label for="child-brand-checkbox-5" class="text__checkbox">피코크</label></li><li class="item"><input type="checkbox" id="child-brand-checkbox-6" class="sprite__smilefresh form__checkbox" value="25715" name="b" tabindex="0"/><label for="child-brand-checkbox-6" class="text__checkbox">베지밀</label></li><li class="item"><input type="checkbox" id="child-brand-checkbox-7" class="sprite__smilefresh form__checkbox" value="31170" name="b" tabindex="0"/><label for="child-brand-checkbox-7" class="text__checkbox">노브랜드</label></li><li class="item"><input type="checkbox" id="child-brand-checkbox-8" class="sprite__smilefresh form__checkbox" value="20207" name="b" tabindex="0"/><label for="child-brand-checkbox-8" class="text__checkbox">다논</label></li><li class="item"><input type="checkbox" id="child-brand-checkbox-9" class="sprite__smilefresh form__checkbox" value="21363" name="b" tabindex="0"/><label for="child-brand-checkbox-9" class="text__checkbox">일동후디스</label></li><li class="item"><input type="checkbox" id="child-brand-checkbox-10" class="sprite__smilefresh form__checkbox" value="22622" name="b" tabindex="0"/><label for="child-brand-checkbox-10" class="text__checkbox">파스퇴르</label></li></ul><button type="button" class="button__show-more-list" aria-expanded="false" tabindex="0"><span class="text__show-more-list">더보기</span></button></div></li><li class="wrap__filter-item price active"><button type="button" class="sprite__smilefresh--after button__filter-title" aria-expanded="true"><span class="text__filter-title">가격대</span></button><div class="wrap__filter-item-content" aria-hidden="false"><div class="wrap__set-price"><div class="input__min-price"><label for="price-input-min" class="for-a11y">최저가격을 입력해 주세요.</label><input type="text" id="price-input-min" name="minPrice" class="input__set-price" min="0" inputMode="search" pattern="[0-9]*" autoComplete="off" tabindex="0"/><span class="text__price-unit">원</span></div><span class="text__description">~</span><div class="input__max-price"><label for="price-input-max" class="for-a11y">최고가격을 입력해 주세요.</label><input type="text" id="price-input-max" name="maxPrice" class="input__set-price" min="0" inputMode="search" pattern="[0-9]*" autoComplete="off" tabindex="0"/><span class="text__price-unit">원</span></div><button type="button" class="sprite__smilefresh--before button__set-price-range" tabindex="0"><span class="for-a11y">가격대 설정</span></button></div></div></li><li class="wrap__filter-item research active"><button type="button" class="sprite__smilefresh--after button__filter-title" aria-expanded="true"><span class="text__filter-title">결과 내 재검색</span></button><div class="wrap__filter-item-content" aria-hidden="false"><div class="wrap__research"><div class="input__test"><label for="filter_search" class="for-a11y">키워드를 입력해 주세요.</label><input type="search" id="filter_search" name="keyword" class="input__set-price" inputMode="search" autoComplete="off" tabindex="0"/></div><button type="button" class="sprite__smilefresh--before button__research" tabindex="0"><span class="for-a11y">검색하기</span></button></div></div></li></ul></div><div class="box__content-area"><div class="box__divider"><div class="box__itemcard"><div class="box__items-list"><ul class="list__itemcard-slide"><li class="list-item"><div class="box__itemcard-container"><div class="box__itemcard-body"><div class="box__itemcard-inner"><a class="link__itemcard" href="https://item.gmarket.co.kr/Item?goodscode=2522869044" tabindex="-1" aria-hidden="true"><span class="box__itemcard-img"><img class="image__itemcard no-js-400?ver=1725118850" src="data:image/gif;base64,R0lGODlhAQABAIAAAP///wAAACH5BAEAAAAALAAAAAABAAEAAAICRAEAOw==" alt="노브랜드 굿모닝 굿밀크 1L - 상품 이미지"/><noscript><style>.no-js-400?ver=1725118850 { display: none !important; }</style><img class="image__itemcard" src="https://gdimg.gmarket.co.kr/2522869044/still/400?ver=1725118850" alt="노브랜드 굿모닝 굿밀크 1L - 상품 이미지"/></noscript></span></a><div class="box__itemcard-info"><div class="box__element-info"><div class="element-info-qty"><button aria-describedby="itemCard_title_2522869044" class="sprite__smilefresh--before element-info-qty-minus" aria-disabled="true"><span class="for-a11y">상품 수 <!-- -->1<!-- --> 감소</span></button><span class="element-info-item-qty" aria-describedby="itemCard_title_2522869044"><span class="for-a11y">선택된 수량</span> <!-- -->1</span><button aria-describedby="itemCard_title_2522869044" class="sprite__smilefresh--before element-info-qty-plus"><span class="for-a11y">상품 수 <!-- -->1<!-- --> 증가</span></button></div><button type="button" class="sprite__smilefresh--before element-info-cart" aria-describedby="itemCard_title_2522869044"><span class="for-a11y">장바구니 담기</span></button></div><a href="https://item.gmarket.co.kr/Item?goodscode=2522869044" class="link__itemcard-info"><span class="box__itemcard-title-area" id="itemCard_title_2522869044"><span class="text__brand"><span class="text">노브랜드</span></span><span class="text__title" id="item_title">노브랜드 굿모닝 굿밀크 1L</span></span><span class="box__itemcard-price-area"><span class="box__price-seller"><span class="for-a11y">판매가</span><strong class="text__price-seller">1,890</strong><span class="text__unit">원</span></span><span class="box__prime-cost"><span class="for-a11y">원가</span><span class="text__unit-cost">(<!-- -->100mL당 189원<!-- -->)</span></span></span><span class="box__itemcard-info-score"><span class="sprite__smilefresh--before box__score-awards"><span class="for-a11y">평점</span><span class="text text__score">4.8</span><span class="for-a11y">후기</span><span class="text text__num">(59,111)</span><span class="for-a11y">건</span></span><span class="box__score-buycnt"><span class="text text__buy">구매</span><span class="text text__num">426,482</span><span class="for-a11y">건</span></span></span></a><button type="button" class="sprite__smilefresh--after button__favorite-item" aria-describedby="itemCard_title_2522869044" aria-pressed="false" aria-label="관심상품 등록하기"></button></div></div></div></div></li><li class="list-item"><div class="box__itemcard-container"><div class="box__itemcard-body"><div class="box__itemcard-inner"><a class="link__itemcard" href="https://item.gmarket.co.kr/Item?goodscode=2518646310" tabindex="-1" aria-hidden="true"><span class="box__itemcard-img"><img class="image__itemcard no-js-400?ver=1725109406" src="data:image/gif;base64,R0lGODlhAQABAIAAAP///wAAACH5BAEAAAAALAAAAAABAAEAAAICRAEAOw==" alt="피코크 에이 클래스 우유 2.3L (1A등급) - 상품 이미지"/><noscript><style>.no-js-400?ver=1725109406 { display: none !important; }</style><img class="image__itemcard" src="https://gdimg.gmarket.co.kr/2518646310/still/400?ver=1725109406" alt="피코크 에이 클래스 우유 2.3L (1A등급) - 상품 이미지"/></noscript></span></a><div class="box__itemcard-info"><div class="box__element-info"><div class="element-info-qty"><button aria-describedby="itemCard_title_2518646310" class="sprite__smilefresh--before element-info-qty-minus" aria-disabled="true"><span class="for-a11y">상품 수 <!-- -->1<!-- --> 감소</span></button><span class="element-info-item-qty" aria-describedby="itemCard_title_2518646310"><span class="for-a11y">선택된 수량</span> <!-- -->1</span><button aria-describedby="itemCard_title_2518646310" class="sprite__smilefresh--before element-info-qty-plus"><span class="for-a11y">상품 수 <!-- -->1<!-- --> 증가</span></button></div><button type="button" class="sprite__smilefresh--before element-info-cart" aria-describedby="itemCard_title_2518646310"><span class="for-a11y">장바구니 담기</span></button></div><a href="https://item.gmarket.co.kr/Item?goodscode=2518646310" class="link__itemcard-info"><span class="box__itemcard-title-area" id="itemCard_title_2518646310"><span class="text__brand"><span class="text">피코크</span></span><span class="text__title" id="item_title">피코크 에이 클래스 우유 2.3L (1A등급)</span></span><span class="box__itemcard-price-area"><span class="box__price-seller"><span class="for-a11y">판매가</span><strong class="text__price-seller">5,980</strong><span class="text__unit">원</span></span><span class="box__prime-cost"><span class="for-a11y">원가</span><span class="text__unit-cost">(<!-- -->100mL당 260원<!-- -->)</span></span></span><span class="box__itemcard-info-score"><span class="sprite__smilefresh--before box__score-awards"><span class="for-a11y">평점</span><span class="text text__score">4.7</span><span class="for-a11y">후기</span><span class="text text__num">(21,190)</span><span class="for-a11y">건</span></span><span class="box__score-buycnt"><span class="text text__buy">구매</span><span class="text text__num">75,795</span><span class="for-a11y">건</span></span></span><span class="box__itemcard-benefit-tag"><span class="box__tag box__tag-coupon"><span class="sprite__smilefresh--before box__inner">15% 쿠폰</span></span></span></a><button type="button" class="sprite__smilefresh--after button__favorite-item" aria-describedby="itemCard_title_2518646310" aria-pressed="false" aria-label="관심상품 등록하기"></button></div></div></div></div></li><li class="list-item"><div class="box__itemcard-container"><div class="box__itemcard-body"><div class="box__itemcard-inner"><a class="link__itemcard" href="https://item.gmarket.co.kr/Item?goodscode=2518645485" tabindex="-1" aria-hidden="true"><span class="box__itemcard-img"><img class="image__itemcard no-js-400?ver=1725109413" src="data:image/gif;base64,R0lGODlhAQABAIAAAP///wAAACH5BAEAAAAALAAAAAABAAEAAAICRAEAOw==" alt="피코크 에이 클래스 우유 900ml (1A등급) - 상품 이미지"/><noscript><style>.no-js-400?ver=1725109413 { display: none !important; }</style><img class="image__itemcard" src="https://gdimg.gmarket.co.kr/2518645485/still/400?ver=1725109413" alt="피코크 에이 클래스 우유 900ml (1A등급) - 상품 이미지"/></noscript></span></a><div class="box__itemcard-info"><div class="box__element-info"><div class="element-info-qty"><button aria-describedby="itemCard_title_2518645485" class="sprite__smilefresh--before element-info-qty-minus" aria-disabled="true"><span class="for-a11y">상품 수 <!-- -->1<!-- --> 감소</span></button><span class="element-info-item-qty" aria-describedby="itemCard_title_2518645485"><span class="for-a11y">선택된 수량</span> <!-- -->1</span><button aria-describedby="itemCard_title_2518645485" class="sprite__smilefresh--before element-info-qty-plus"><span class="for-a11y">상품 수 <!-- -->1<!-- --> 증가</span></button></div><button type="button" class="sprite__smilefresh--before element-info-cart" aria-describedby="itemCard_title_2518645485"><span class="for-a11y">장바구니 담기</span></button></div><a href="https://item.gmarket.co.kr/Item?goodscode=2518645485" class="link__itemcard-info"><span class="box__itemcard-title-area" id="itemCard_title_2518645485"><span class="text__brand"><span class="text">피코크</span></span><span class="text__title" id="item_title">피코크 에이 클래스 우유 900ml (1A등급)</span></span><span class="box__itemcard-price-area"><span class="box__price-seller"><span class="for-a11y">판매가</span><strong class="text__price-seller">2,380</strong><span class="text__unit">원</span></span><span class="box__prime-cost"><span class="for-a11y">원가</span><span class="text__unit-cost">(<!-- -->100mL당 264원<!-- -->)</span></span></span><span class="box__itemcard-info-score"><span class="sprite__smilefresh--before box__score-awards"><span class="for-a11y">평점</span><span class="text text__score">4.8</span><span class="for-a11y">후기</span><span class="text text__num">(18,373)</span><span class="for-a11y">건</span></span><span class="box__score-buycnt"><span class="text text__buy">구매</span><span class="text text__num">101,651</span><span class="for-a11y">건</span></span></span><span class="box__itemcard-benefit-tag"><span class="box__tag box__tag-coupon"><span class="sprite__smilefresh--before box__inner">15% 쿠폰</span></span></span></a><button type="button" class="sprite__smilefresh--after button__favorite-item" aria-describedby="itemCard_title_2518645485" aria-pressed="false" aria-label="관심상품 등록하기"></button></div></div></div></div></li><li class="list-item"><div class="box__itemcard-container"><div class="box__itemcard-body"><div class="box__itemcard-inner"><a class="link__itemcard" href="https://item.gmarket.co.kr/Item?goodscode=2518735157" tabindex="-1" aria-hidden="true"><span class="box__itemcard-img"><img class="image__itemcard no-js-400?ver=1725091978" src="data:image/gif;base64,R0lGODlhAQABAIAAAP///wAAACH5BAEAAAAALAAAAAABAAEAAAICRAEAOw==" alt="서울우유 저지방 우유 (1L2개) - 상품 이미지"/><noscript><style>.no-js-400?ver=1725091978 { display: none !important; }</style><img class="image__itemcard" src="https://gdimg.gmarket.co.kr/2518735157/still/400?ver=1725091978" alt="서울우유 저지방 우유 (1L2개) - 상품 이미지"/></noscript></span></a><div class="box__itemcard-info"><div class="box__element-info"><div class="element-info-qty"><button aria-describedby="itemCard_title_2518735157" class="sprite__smilefresh--before element-info-qty-minus" aria-disabled="true"><span class="for-a11y">상품 수 <!-- -->1<!-- --> 감소</span></button><span class="element-info-item-qty" aria-describedby="itemCard_title_2518735157"><span class="for-a11y">선택된 수량</span> <!-- -->1</span><button aria-describedby="itemCard_title_2518735157" class="sprite__smilefresh--before element-info-qty-plus"><span class="for-a11y">상품 수 <!-- -->1<!-- --> 증가</span></button></div><button type="button" class="sprite__smilefresh--before element-info-cart" aria-describedby="itemCard_title_2518735157"><span class="for-a11y">장바구니 담기</span></button></div><a href="https://item.gmarket.co.kr/Item?goodscode=2518735157" class="link__itemcard-info"><span class="box__itemcard-title-area" id="itemCard_title_2518735157"><span class="text__brand"><span class="text">서울우유</span></span><span class="text__title" id="item_title">서울우유 저지방 우유 (1L2개)</span></span><span class="box__itemcard-price-area"><span class="box__price-seller"><span class="for-a11y">판매가</span><strong class="text__price-seller">5,480</strong><span class="text__unit">원</span></span><span class="box__prime-cost"><span class="for-a11y">원가</span><span class="text__unit-cost">(<!-- -->100mL당 274원<!-- -->)</span></span></span><span class="box__itemcard-info-score"><span class="sprite__smilefresh--before box__score-awards"><span class="for-a11y">평점</span><span class="text text__score">4.7</span><span class="for-a11y">후기</span><span class="text text__num">(12,032)</span><span class="for-a11y">건</span></span><span class="box__score-buycnt"><span class="text text__buy">구매</span><span class="text text__num">37,103</span><span class="for-a11y">건</span></span></span><span class="box__itemcard-benefit-tag"><span class="box__tag box__tag-coupon"><span class="sprite__smilefresh--before box__inner">15% 쿠폰</span></span></span></a><button type="button" class="sprite__smilefresh--after button__favorite-item" aria-describedby="itemCard_title_2518735157" aria-pressed="false" aria-label="관심상품 등록하기"></button></div></div></div></div></li><li class="list-item"><div class="box__itemcard-container"><div class="box__itemcard-body"><div class="box__itemcard-inner"><a class="link__itemcard" href="https://item.gmarket.co.kr/Item?goodscode=2518939128" tabindex="-1" aria-hidden="true"><span class="box__itemcard-img"><img class="image__itemcard no-js-400?ver=1725091844" src="data:image/gif;base64,R0lGODlhAQABAIAAAP///wAAACH5BAEAAAAALAAAAAABAAEAAAICRAEAOw==" alt="남양 맛있는 우유 GT 900ml2 - 상품 이미지"/><noscript><style>.no-js-400?ver=1725091844 { display: none !important; }</style><img class="image__itemcard" src="https://gdimg.gmarket.co.kr/2518939128/still/400?ver=1725091844" alt="남양 맛있는 우유 GT 900ml2 - 상품 이미지"/></noscript></span></a><div class="box__itemcard-info"><div class="box__element-info"><div class="element-info-qty"><button aria-describedby="itemCard_title_2518939128" class="sprite__smilefresh--before element-info-qty-minus" aria-disabled="true"><span class="for-a11y">상품 수 <!-- -->1<!-- --> 감소</span></button><span class="element-info-item-qty" aria-describedby="itemCard_title_2518939128"><span class="for-a11y">선택된 수량</span> <!-- -->1</span><button aria-describedby="itemCard_title_2518939128" class="sprite__smilefresh--before element-info-qty-plus"><span class="for-a11y">상품 수 <!-- -->1<!-- --> 증가</span></button></div><button type="button" class="sprite__smilefresh--before element-info-cart" aria-describedby="itemCard_title_2518939128"><span class="for-a11y">장바구니 담기</span></button></div><a href="https://item.gmarket.co.kr/Item?goodscode=2518939128" class="link__itemcard-info"><span class="box__itemcard-title-area" id="itemCard_title_2518939128"><span class="text__brand"><span class="text">남양</span></span><span class="text__title" id="item_title">남양 맛있는 우유 GT 900ml2</span></span><span class="box__itemcard-price-area"><span class="box__price-seller"><span class="for-a11y">판매가</span><strong class="text__price-seller">5,480</strong><span class="text__unit">원</span></span><span class="box__prime-cost"><span class="for-a11y">원가</span><span class="text__unit-cost">(<!-- -->100mL당 304원<!-- -->)</span></span></span><span class="box__itemcard-info-score"><span class="sprite__smilefresh--before box__score-awards"><span class="for-a11y">평점</span><span class="text text__score">4.8</span><span class="for-a11y">후기</span><span class="text text__num">(6,537)</span><span class="for-a11y">건</span></span><span class="box__score-buycnt"><span class="text text__buy">구매</span><span class="text text__num">23,338</span><span class="for-a11y">건</span></span></span><span class="box__itemcard-benefit-tag"><span class="box__tag box__tag-coupon"><span class="sprite__smilefresh--before box__inner">15% 쿠폰</span></span></span></a><button type="button" class="sprite__smilefresh--after button__favorite-item" aria-describedby="itemCard_title_2518939128" aria-pressed="false" aria-label="관심상품 등록하기"></button></div></div></div></div></li><li class="list-item"><div class="box__itemcard-container"><div class="box__itemcard-body"><div class="box__itemcard-inner"><a class="link__itemcard" href="https://item.gmarket.co.kr/Item?goodscode=2695176446" tabindex="-1" aria-hidden="true"><span class="box__itemcard-img"><img class="image__itemcard no-js-400?ver=1725126514" src="data:image/gif;base64,R0lGODlhAQABAIAAAP///wAAACH5BAEAAAAALAAAAAABAAEAAAICRAEAOw==" alt="매일 그릭요거트 무가당 플레인 400g2 - 상품 이미지"/><noscript><style>.no-js-400?ver=1725126514 { display: none !important; }</style><img class="image__itemcard" src="https://gdimg.gmarket.co.kr/2695176446/still/400?ver=1725126514" alt="매일 그릭요거트 무가당 플레인 400g2 - 상품 이미지"/></noscript></span></a><div class="box__itemcard-info"><div class="box__element-info"><div class="element-info-qty"><button aria-describedby="itemCard_title_2695176446" class="sprite__smilefresh--before element-info-qty-minus" aria-disabled="true"><span class="for-a11y">상품 수 <!-- -->1<!-- --> 감소</span></button><span class="element-info-item-qty" aria-describedby="itemCard_title_2695176446"><span class="for-a11y">선택된 수량</span> <!-- -->1</span><button aria-describedby="itemCard_title_2695176446" class="sprite__smilefresh--before element-info-qty-plus"><span class="for-a11y">상품 수 <!-- -->1<!-- --> 증가</span></button></div><button type="button" class="sprite__smilefresh--before element-info-cart" aria-describedby="itemCard_title_2695176446"><span class="for-a11y">장바구니 담기</span></button></div><a href="https://item.gmarket.co.kr/Item?goodscode=2695176446" class="link__itemcard-info"><span class="box__itemcard-title-area" id="itemCard_title_2695176446"><span class="text__brand"><span class="text">매일유업</span></span><span class="text__title" id="item_title">매일 그릭요거트 무가당 플레인 400g2</span></span><span class="box__itemcard-price-area"><span class="box__price-seller"><span class="for-a11y">판매가</span><strong class="text__price-seller">7,480</strong><span class="text__unit">원</span></span></span><span class="box__itemcard-info-score"><span class="sprite__smilefresh--before box__score-awards"><span class="for-a11y">평점</span><span class="text text__score">4.7</span><span class="for-a11y">후기</span><span class="text text__num">(5,026)</span><span class="for-a11y">건</span></span><span class="box__score-buycnt"><span class="text text__buy">구매</span><span class="text text__num">12,598</span><span class="for-a11y">건</span></span></span><span class="box__itemcard-benefit-tag"><span class="box__tag box__tag-coupon"><span class="sprite__smilefresh--before box__inner">15% 쿠폰</span></span></span></a><button type="button" class="sprite__smilefresh--after button__favorite-item" aria-describedby="itemCard_title_2695176446" aria-pressed="false" aria-label="관심상품 등록하기"></button></div></div></div></div></li><li class="list-item"><div class="box__itemcard-container"><div class="box__itemcard-body"><div class="box__itemcard-inner"><a class="link__itemcard" href="https://item.gmarket.co.kr/Item?goodscode=2518442234" tabindex="-1" aria-hidden="true"><span class="box__itemcard-img"><img class="image__itemcard no-js-400?ver=1725088537" src="data:image/gif;base64,R0lGODlhAQABAIAAAP///wAAACH5BAEAAAAALAAAAAABAAEAAAICRAEAOw==" alt="서울우유 서울우유 1000ml 나100% - 상품 이미지"/><noscript><style>.no-js-400?ver=1725088537 { display: none !important; }</style><img class="image__itemcard" src="https://gdimg.gmarket.co.kr/2518442234/still/400?ver=1725088537" alt="서울우유 서울우유 1000ml 나100% - 상품 이미지"/></noscript></span></a><div class="box__itemcard-info"><div class="box__element-info"><div class="element-info-qty"><button aria-describedby="itemCard_title_2518442234" class="sprite__smilefresh--before element-info-qty-minus" aria-disabled="true"><span class="for-a11y">상품 수 <!-- -->1<!-- --> 감소</span></button><span class="element-info-item-qty" aria-describedby="itemCard_title_2518442234"><span class="for-a11y">선택된 수량</span> <!-- -->1</span><button aria-describedby="itemCard_title_2518442234" class="sprite__smilefresh--before element-info-qty-plus"><span class="for-a11y">상품 수 <!-- -->1<!-- --> 증가</span></button></div><button type="button" class="sprite__smilefresh--before element-info-cart" aria-describedby="itemCard_title_2518442234"><span class="for-a11y">장바구니 담기</span></button></div><a href="https://item.gmarket.co.kr/Item?goodscode=2518442234" class="link__itemcard-info"><span class="box__itemcard-title-area" id="itemCard_title_2518442234"><span class="text__brand"><span class="text">서울우유</span></span><span class="text__title" id="item_title">서울우유 서울우유 1000ml 나100%</span></span><span class="box__itemcard-price-area"><span class="box__price-seller"><span class="for-a11y">판매가</span><strong class="text__price-seller">2,960</strong><span class="text__unit">원</span></span><span class="box__prime-cost"><span class="for-a11y">원가</span><span class="text__unit-cost">(<!-- -->100mL당 296원<!-- -->)</span></span></span><span class="box__itemcard-info-score"><span class="sprite__smilefresh--before box__score-awards"><span class="for-a11y">평점</span><span class="text text__score">4.8</span><span class="for-a11y">후기</span><span class="text text__num">(13,281)</span><span class="for-a11y">건</span></span><span class="box__score-buycnt"><span class="text text__buy">구매</span><span class="text text__num">56,504</span><span class="for-a11y">건</span></span></span><span class="box__itemcard-benefit-tag"><span class="box__tag box__tag-coupon"><span class="sprite__smilefresh--before box__inner">15% 쿠폰</span></span></span></a><button type="button" class="sprite__smilefresh--after button__favorite-item" aria-describedby="itemCard_title_2518442234" aria-pressed="false" aria-label="관심상품 등록하기"></button></div></div></div></div></li><li class="list-item"><div class="box__itemcard-container"><div class="box__itemcard-body"><div class="box__itemcard-inner"><a class="link__itemcard" href="https://item.gmarket.co.kr/Item?goodscode=2537364045" tabindex="-1" aria-hidden="true"><span class="box__itemcard-img"><img class="image__itemcard no-js-400?ver=1725091706" src="data:image/gif;base64,R0lGODlhAQABAIAAAP///wAAACH5BAEAAAAALAAAAAABAAEAAAICRAEAOw==" alt="한국야쿠르트 윌 오리지날 150mlX5개 - 상품 이미지"/><noscript><style>.no-js-400?ver=1725091706 { display: none !important; }</style><img class="image__itemcard" src="https://gdimg.gmarket.co.kr/2537364045/still/400?ver=1725091706" alt="한국야쿠르트 윌 오리지날 150mlX5개 - 상품 이미지"/></noscript></span></a><div class="box__itemcard-info"><div class="box__element-info"><div class="element-info-qty"><button aria-describedby="itemCard_title_2537364045" class="sprite__smilefresh--before element-info-qty-minus" aria-disabled="true"><span class="for-a11y">상품 수 <!-- -->1<!-- --> 감소</span></button><span class="element-info-item-qty" aria-describedby="itemCard_title_2537364045"><span class="for-a11y">선택된 수량</span> <!-- -->1</span><button aria-describedby="itemCard_title_2537364045" class="sprite__smilefresh--before element-info-qty-plus"><span class="for-a11y">상품 수 <!-- -->1<!-- --> 증가</span></button></div><button type="button" class="sprite__smilefresh--before element-info-cart" aria-describedby="itemCard_title_2537364045"><span class="for-a11y">장바구니 담기</span></button></div><a href="https://item.gmarket.co.kr/Item?goodscode=2537364045" class="link__itemcard-info"><span class="box__itemcard-title-area" id="itemCard_title_2537364045"><span class="text__brand"><span class="text">에치와이</span></span><span class="text__title" id="item_title">한국야쿠르트 윌 오리지날 150mlX5개</span></span><span class="box__itemcard-price-area"><span class="box__price-seller"><span class="for-a11y">판매가</span><strong class="text__price-seller">8,000</strong><span class="text__unit">원</span></span><span class="box__prime-cost"><span class="for-a11y">원가</span><span class="text__unit-cost">(<!-- -->10mL당 107원<!-- -->)</span></span></span><span class="box__itemcard-info-score"><span class="sprite__smilefresh--before box__score-awards"><span class="for-a11y">평점</span><span class="text text__score">4.7</span><span class="for-a11y">후기</span><span class="text text__num">(11,851)</span><span class="for-a11y">건</span></span><span class="box__score-buycnt"><span class="text text__buy">구매</span><span class="text text__num">49,879</span><span class="for-a11y">건</span></span></span><span class="box__itemcard-benefit-tag"><span class="box__tag box__tag-coupon"><span class="sprite__smilefresh--before box__inner">15% 쿠폰</span></span></span></a><button type="button" class="sprite__smilefresh--after button__favorite-item" aria-describedby="itemCard_title_2537364045" aria-pressed="false" aria-label="관심상품 등록하기"></button></div></div></div></div></li><li class="list-item"><div class="box__itemcard-container"><div class="box__itemcard-body"><div class="box__itemcard-inner"><a class="link__itemcard" href="https://item.gmarket.co.kr/Item?goodscode=2884834500" tabindex="-1" aria-hidden="true"><span class="box__itemcard-img"><img class="image__itemcard no-js-400?ver=1725131360" src="data:image/gif;base64,R0lGODlhAQABAIAAAP///wAAACH5BAEAAAAALAAAAAABAAEAAAICRAEAOw==" alt="앱솔루트 명작 2입기획 1단계 - 상품 이미지"/><noscript><style>.no-js-400?ver=1725131360 { display: none !important; }</style><img class="image__itemcard" src="https://gdimg.gmarket.co.kr/2884834500/still/400?ver=1725131360" alt="앱솔루트 명작 2입기획 1단계 - 상품 이미지"/></noscript></span></a><div class="box__itemcard-info"><div class="box__element-info"><div class="element-info-qty"><button aria-describedby="itemCard_title_2884834500" class="sprite__smilefresh--before element-info-qty-minus" aria-disabled="true"><span class="for-a11y">상품 수 <!-- -->1<!-- --> 감소</span></button><span class="element-info-item-qty" aria-describedby="itemCard_title_2884834500"><span class="for-a11y">선택된 수량</span> <!-- -->1</span><button aria-describedby="itemCard_title_2884834500" class="sprite__smilefresh--before element-info-qty-plus"><span class="for-a11y">상품 수 <!-- -->1<!-- --> 증가</span></button></div><button type="button" class="sprite__smilefresh--before element-info-cart" aria-describedby="itemCard_title_2884834500"><span class="for-a11y">장바구니 담기</span></button></div><a href="https://item.gmarket.co.kr/Item?goodscode=2884834500" class="link__itemcard-info"><span class="box__itemcard-title-area" id="itemCard_title_2884834500"><span class="text__brand"><span class="text">매일유업</span></span><span class="text__title" id="item_title">앱솔루트 명작 2입기획 1단계</span></span><span class="box__itemcard-price-area"><span class="box__price-seller"><span class="for-a11y">판매가</span><strong class="text__price-seller">44,400</strong><span class="text__unit">원</span></span><span class="box__prime-cost"><span class="for-a11y">원가</span><span class="text__unit-cost">(<!-- -->100g당 2,775원<!-- -->)</span></span></span><span class="box__itemcard-info-score"><span class="sprite__smilefresh--before box__score-awards"><span class="for-a11y">평점</span><span class="text text__score">4.8</span><span class="for-a11y">후기</span><span class="text text__num">(402)</span><span class="for-a11y">건</span></span><span class="box__score-buycnt"><span class="text text__buy">구매</span><span class="text text__num">2,105</span><span class="for-a11y">건</span></span></span></a><button type="button" class="sprite__smilefresh--after button__favorite-item" aria-describedby="itemCard_title_2884834500" aria-pressed="false" aria-label="관심상품 등록하기"></button></div></div></div></div></li><li class="list-item"><div class="box__itemcard-container"><div class="box__itemcard-body"><div class="box__itemcard-inner"><span class="box__thumbnail__label">전단상품</span><a class="link__itemcard" href="https://item.gmarket.co.kr/Item?goodscode=2522329789" tabindex="-1" aria-hidden="true"><span class="box__itemcard-img"><img class="image__itemcard no-js-400?ver=1725101281" src="data:image/gif;base64,R0lGODlhAQABAIAAAP///wAAACH5BAEAAAAALAAAAAABAAEAAAICRAEAOw==" alt="매일 우유 오리지널 후레쉬팩 900ML2 - 상품 이미지"/><noscript><style>.no-js-400?ver=1725101281 { display: none !important; }</style><img class="image__itemcard" src="https://gdimg.gmarket.co.kr/2522329789/still/400?ver=1725101281" alt="매일 우유 오리지널 후레쉬팩 900ML2 - 상품 이미지"/></noscript></span></a><div class="box__itemcard-info"><div class="box__element-info"><div class="element-info-qty"><button aria-describedby="itemCard_title_2522329789" class="sprite__smilefresh--before element-info-qty-minus" aria-disabled="true"><span class="for-a11y">상품 수 <!-- -->1<!-- --> 감소</span></button><span class="element-info-item-qty" aria-describedby="itemCard_title_2522329789"><span class="for-a11y">선택된 수량</span> <!-- -->1</span><button aria-describedby="itemCard_title_2522329789" class="sprite__smilefresh--before element-info-qty-plus"><span class="for-a11y">상품 수 <!-- -->1<!-- --> 증가</span></button></div><button type="button" class="sprite__smilefresh--before element-info-cart" aria-describedby="itemCard_title_2522329789"><span class="for-a11y">장바구니 담기</span></button></div><a href="https://item.gmarket.co.kr/Item?goodscode=2522329789" class="link__itemcard-info"><span class="box__itemcard-title-area" id="itemCard_title_2522329789"><span class="text__brand"><span class="text">매일유업</span></span><span class="text__title" id="item_title">매일 우유 오리지널 후레쉬팩 900ML2</span></span><span class="box__itemcard-price-area"><span class="box__price-seller"><span class="for-a11y">판매가</span><strong class="text__price-seller">5,680</strong><span class="text__unit">원</span></span><span class="box__prime-cost"><span class="for-a11y">원가</span><span class="text__unit-cost">(<!-- -->100mL당 316원<!-- -->)</span></span></span><span class="box__itemcard-info-score"><span class="sprite__smilefresh--before box__score-awards"><span class="for-a11y">평점</span><span class="text text__score">4.8</span><span class="for-a11y">후기</span><span class="text text__num">(3,882)</span><span class="for-a11y">건</span></span><span class="box__score-buycnt"><span class="text text__buy">구매</span><span class="text text__num">16,051</span><span class="for-a11y">건</span></span></span><span class="box__itemcard-benefit-tag"><span class="box__tag box__tag-coupon"><span class="sprite__smilefresh--before box__inner">15% 쿠폰</span></span></span></a><button type="button" class="sprite__smilefresh--after button__favorite-item" aria-describedby="itemCard_title_2522329789" aria-pressed="false" aria-label="관심상품 등록하기"></button></div></div></div></div></li><li class="list-item"><div class="box__itemcard-container"><div class="box__itemcard-body"><div class="box__itemcard-inner"><a class="link__itemcard" href="https://item.gmarket.co.kr/Item?goodscode=2518755750" tabindex="-1" aria-hidden="true"><span class="box__itemcard-img"><img class="image__itemcard no-js-400?ver=1725091596" src="data:image/gif;base64,R0lGODlhAQABAIAAAP///wAAACH5BAEAAAAALAAAAAABAAEAAAICRAEAOw==" alt="서울우유 체다 슬라이스 치즈(270g2개입) 540g - 상품 이미지"/><noscript><style>.no-js-400?ver=1725091596 { display: none !important; }</style><img class="image__itemcard" src="https://gdimg.gmarket.co.kr/2518755750/still/400?ver=1725091596" alt="서울우유 체다 슬라이스 치즈(270g2개입) 540g - 상품 이미지"/></noscript></span></a><div class="box__itemcard-info"><div class="box__element-info"><div class="element-info-qty"><button aria-describedby="itemCard_title_2518755750" class="sprite__smilefresh--before element-info-qty-minus" aria-disabled="true"><span class="for-a11y">상품 수 <!-- -->1<!-- --> 감소</span></button><span class="element-info-item-qty" aria-describedby="itemCard_title_2518755750"><span class="for-a11y">선택된 수량</span> <!-- -->1</span><button aria-describedby="itemCard_title_2518755750" class="sprite__smilefresh--before element-info-qty-plus"><span class="for-a11y">상품 수 <!-- -->1<!-- --> 증가</span></button></div><button type="button" class="sprite__smilefresh--before element-info-cart" aria-describedby="itemCard_title_2518755750"><span class="for-a11y">장바구니 담기</span></button></div><a href="https://item.gmarket.co.kr/Item?goodscode=2518755750" class="link__itemcard-info"><span class="box__itemcard-title-area" id="itemCard_title_2518755750"><span class="text__brand"><span class="text">서울우유</span></span><span class="text__title" id="item_title">서울우유 체다 슬라이스 치즈(270g2개입) 540g</span></span><span class="box__itemcard-price-area"><span class="box__price-seller"><span class="for-a11y">판매가</span><strong class="text__price-seller">8,280</strong><span class="text__unit">원</span></span><span class="box__prime-cost"><span class="for-a11y">원가</span><span class="text__unit-cost">(<!-- -->10g당 153원<!-- -->)</span></span></span><span class="box__itemcard-info-score"><span class="sprite__smilefresh--before box__score-awards"><span class="for-a11y">평점</span><span class="text text__score">4.8</span><span class="for-a11y">후기</span><span class="text text__num">(8,684)</span><span class="for-a11y">건</span></span><span class="box__score-buycnt"><span class="text text__buy">구매</span><span class="text text__num">23,667</span><span class="for-a11y">건</span></span></span><span class="box__itemcard-benefit-tag"><span class="box__tag box__tag-coupon"><span class="sprite__smilefresh--before box__inner">15% 쿠폰</span></span></span></a><button type="button" class="sprite__smilefresh--after button__favorite-item" aria-describedby="itemCard_title_2518755750" aria-pressed="false" aria-label="관심상품 등록하기"></button></div></div></div></div></li><li class="list-item"><div class="box__itemcard-container"><div class="box__itemcard-body"><div class="box__itemcard-inner"><a class="link__itemcard" href="https://item.gmarket.co.kr/Item?goodscode=2522655015" tabindex="-1" aria-hidden="true"><span class="box__itemcard-img"><img class="image__itemcard no-js-400?ver=1725104923" src="data:image/gif;base64,R0lGODlhAQABAIAAAP///wAAACH5BAEAAAAALAAAAAABAAEAAAICRAEAOw==" alt="노브랜드 1A 우유 900mL - 상품 이미지"/><noscript><style>.no-js-400?ver=1725104923 { display: none !important; }</style><img class="image__itemcard" src="https://gdimg.gmarket.co.kr/2522655015/still/400?ver=1725104923" alt="노브랜드 1A 우유 900mL - 상품 이미지"/></noscript></span></a><div class="box__itemcard-info"><div class="box__element-info"><div class="element-info-qty"><button aria-describedby="itemCard_title_2522655015" class="sprite__smilefresh--before element-info-qty-minus" aria-disabled="true"><span class="for-a11y">상품 수 <!-- -->1<!-- --> 감소</span></button><span class="element-info-item-qty" aria-describedby="itemCard_title_2522655015"><span class="for-a11y">선택된 수량</span> <!-- -->1</span><button aria-describedby="itemCard_title_2522655015" class="sprite__smilefresh--before element-info-qty-plus"><span class="for-a11y">상품 수 <!-- -->1<!-- --> 증가</span></button></div><button type="button" class="sprite__smilefresh--before element-info-cart" aria-describedby="itemCard_title_2522655015"><span class="for-a11y">장바구니 담기</span></button></div><a href="https://item.gmarket.co.kr/Item?goodscode=2522655015" class="link__itemcard-info"><span class="box__itemcard-title-area" id="itemCard_title_2522655015"><span class="text__brand"><span class="text">노브랜드</span></span><span class="text__title" id="item_title">노브랜드 1A 우유 900mL</span></span><span class="box__itemcard-price-area"><span class="box__price-seller"><span class="for-a11y">판매가</span><strong class="text__price-seller">2,260</strong><span class="text__unit">원</span></span><span class="box__prime-cost"><span class="for-a11y">원가</span><span class="text__unit-cost">(<!-- -->100mL당 251원<!-- -->)</span></span></span><span class="box__itemcard-info-score"><span class="sprite__smilefresh--before box__score-awards"><span class="for-a11y">평점</span><span class="text text__score">4.8</span><span class="for-a11y">후기</span><span class="text text__num">(8,745)</span><span class="for-a11y">건</span></span><span class="box__score-buycnt"><span class="text text__buy">구매</span><span class="text text__num">38,675</span><span class="for-a11y">건</span></span></span></a><button type="button" class="sprite__smilefresh--after button__favorite-item" aria-describedby="itemCard_title_2522655015" aria-pressed="false" aria-label="관심상품 등록하기"></button></div></div></div></div></li><li class="list-item"><div class="box__itemcard-container"><div class="box__itemcard-body"><div class="box__itemcard-inner"><a class="link__itemcard" href="https://item.gmarket.co.kr/Item?goodscode=2519297363" tabindex="-1" aria-hidden="true"><span class="box__itemcard-img"><img class="image__itemcard no-js-400?ver=1725123282" src="data:image/gif;base64,R0lGODlhAQABAIAAAP///wAAACH5BAEAAAAALAAAAAABAAEAAAICRAEAOw==" alt="피코크 에이클래스 시그니처 그릭요거트 450g - 상품 이미지"/><noscript><style>.no-js-400?ver=1725123282 { display: none !important; }</style><img class="image__itemcard" src="https://gdimg.gmarket.co.kr/2519297363/still/400?ver=1725123282" alt="피코크 에이클래스 시그니처 그릭요거트 450g - 상품 이미지"/></noscript></span></a><div class="box__itemcard-info"><div class="box__element-info"><div class="element-info-qty"><button aria-describedby="itemCard_title_2519297363" class="sprite__smilefresh--before element-info-qty-minus" aria-disabled="true"><span class="for-a11y">상품 수 <!-- -->1<!-- --> 감소</span></button><span class="element-info-item-qty" aria-describedby="itemCard_title_2519297363"><span class="for-a11y">선택된 수량</span> <!-- -->1</span><button aria-describedby="itemCard_title_2519297363" class="sprite__smilefresh--before element-info-qty-plus"><span class="for-a11y">상품 수 <!-- -->1<!-- --> 증가</span></button></div><button type="button" class="sprite__smilefresh--before element-info-cart" aria-describedby="itemCard_title_2519297363"><span class="for-a11y">장바구니 담기</span></button></div><a href="https://item.gmarket.co.kr/Item?goodscode=2519297363" class="link__itemcard-info"><span class="box__itemcard-title-area" id="itemCard_title_2519297363"><span class="text__brand"><span class="text">피코크</span></span><span class="text__title" id="item_title">피코크 에이클래스 시그니처 그릭요거트 450g</span></span><span class="box__itemcard-price-area"><span class="box__price-seller"><span class="for-a11y">판매가</span><strong class="text__price-seller">4,980</strong><span class="text__unit">원</span></span></span><span class="box__itemcard-info-score"><span class="sprite__smilefresh--before box__score-awards"><span class="for-a11y">평점</span><span class="text text__score">4.8</span><span class="for-a11y">후기</span><span class="text text__num">(7,295)</span><span class="for-a11y">건</span></span><span class="box__score-buycnt"><span class="text text__buy">구매</span><span class="text text__num">25,529</span><span class="for-a11y">건</span></span></span><span class="box__itemcard-benefit-tag"><span class="box__tag box__tag-coupon"><span class="sprite__smilefresh--before box__inner">15% 쿠폰</span></span></span></a><button type="button" class="sprite__smilefresh--after button__favorite-item" aria-describedby="itemCard_title_2519297363" aria-pressed="false" aria-label="관심상품 등록하기"></button></div></div></div></div></li><li class="list-item"><div class="box__itemcard-container"><div class="box__itemcard-body"><div class="box__itemcard-inner"><a class="link__itemcard" href="https://item.gmarket.co.kr/Item?goodscode=2518774882" tabindex="-1" aria-hidden="true"><span class="box__itemcard-img"><img class="image__itemcard no-js-400?ver=1725111567" src="data:image/gif;base64,R0lGODlhAQABAIAAAP///wAAACH5BAEAAAAALAAAAAABAAEAAAICRAEAOw==" alt="피코크 더 클래스 우유 900ml (1등급) - 상품 이미지"/><noscript><style>.no-js-400?ver=1725111567 { display: none !important; }</style><img class="image__itemcard" src="https://gdimg.gmarket.co.kr/2518774882/still/400?ver=1725111567" alt="피코크 더 클래스 우유 900ml (1등급) - 상품 이미지"/></noscript></span></a><div class="box__itemcard-info"><div class="box__element-info"><div class="element-info-qty"><button aria-describedby="itemCard_title_2518774882" class="sprite__smilefresh--before element-info-qty-minus" aria-disabled="true"><span class="for-a11y">상품 수 <!-- -->1<!-- --> 감소</span></button><span class="element-info-item-qty" aria-describedby="itemCard_title_2518774882"><span class="for-a11y">선택된 수량</span> <!-- -->1</span><button aria-describedby="itemCard_title_2518774882" class="sprite__smilefresh--before element-info-qty-plus"><span class="for-a11y">상품 수 <!-- -->1<!-- --> 증가</span></button></div><button type="button" class="sprite__smilefresh--before element-info-cart" aria-describedby="itemCard_title_2518774882"><span class="for-a11y">장바구니 담기</span></button></div><a href="https://item.gmarket.co.kr/Item?goodscode=2518774882" class="link__itemcard-info"><span class="box__itemcard-title-area" id="itemCard_title_2518774882"><span class="text__brand"><span class="text">피코크</span></span><span class="text__title" id="item_title">피코크 더 클래스 우유 900ml (1등급)</span></span><span class="box__itemcard-price-area"><span class="box__price-seller"><span class="for-a11y">판매가</span><strong class="text__price-seller">2,280</strong><span class="text__unit">원</span></span><span class="box__prime-cost"><span class="for-a11y">원가</span><span class="text__unit-cost">(<!-- -->100mL당 253원<!-- -->)</span></span></span><span class="box__itemcard-info-score"><span class="sprite__smilefresh--before box__score-awards"><span class="for-a11y">평점</span><span class="text text__score">4.7</span><span class="for-a11y">후기</span><span class="text text__num">(9,817)</span><span class="for-a11y">건</span></span><span class="box__score-buycnt"><span class="text text__buy">구매</span><span class="text text__num">50,155</span><span class="for-a11y">건</span></span></span><span class="box__itemcard-benefit-tag"><span class="box__tag box__tag-coupon"><span class="sprite__smilefresh--before box__inner">15% 쿠폰</span></span></span></a><button type="button" class="sprite__smilefresh--after button__favorite-item" aria-describedby="itemCard_title_2518774882" aria-pressed="false" aria-label="관심상품 등록하기"></button></div></div></div></div></li><li class="list-item"><div class="box__itemcard-container"><div class="box__itemcard-body"><div class="box__itemcard-inner"><a class="link__itemcard" href="https://item.gmarket.co.kr/Item?goodscode=2522766769" tabindex="-1" aria-hidden="true"><span class="box__itemcard-img"><img class="image__itemcard no-js-400?ver=1725104579" src="data:image/gif;base64,R0lGODlhAQABAIAAAP///wAAACH5BAEAAAAALAAAAAABAAEAAAICRAEAOw==" alt="노브랜드 망고담은 요거트750ml - 상품 이미지"/><noscript><style>.no-js-400?ver=1725104579 { display: none !important; }</style><img class="image__itemcard" src="https://gdimg.gmarket.co.kr/2522766769/still/400?ver=1725104579" alt="노브랜드 망고담은 요거트750ml - 상품 이미지"/></noscript></span></a><div class="box__itemcard-info"><div class="box__element-info"><div class="element-info-qty"><button aria-describedby="itemCard_title_2522766769" class="sprite__smilefresh--before element-info-qty-minus" aria-disabled="true"><span class="for-a11y">상품 수 <!-- -->1<!-- --> 감소</span></button><span class="element-info-item-qty" aria-describedby="itemCard_title_2522766769"><span class="for-a11y">선택된 수량</span> <!-- -->1</span><button aria-describedby="itemCard_title_2522766769" class="sprite__smilefresh--before element-info-qty-plus"><span class="for-a11y">상품 수 <!-- -->1<!-- --> 증가</span></button></div><button type="button" class="sprite__smilefresh--before element-info-cart" aria-describedby="itemCard_title_2522766769"><span class="for-a11y">장바구니 담기</span></button></div><a href="https://item.gmarket.co.kr/Item?goodscode=2522766769" class="link__itemcard-info"><span class="box__itemcard-title-area" id="itemCard_title_2522766769"><span class="text__brand"><span class="text">노브랜드</span></span><span class="text__title" id="item_title">노브랜드 망고담은 요거트750ml</span></span><span class="box__itemcard-price-area"><span class="box__price-seller"><span class="for-a11y">판매가</span><strong class="text__price-seller">2,680</strong><span class="text__unit">원</span></span><span class="box__prime-cost"><span class="for-a11y">원가</span><span class="text__unit-cost">(<!-- -->10mL당 36원<!-- -->)</span></span></span><span class="box__itemcard-info-score"><span class="sprite__smilefresh--before box__score-awards"><span class="for-a11y">평점</span><span class="text text__score">4.8</span><span class="for-a11y">후기</span><span class="text text__num">(5,825)</span><span class="for-a11y">건</span></span><span class="box__score-buycnt"><span class="text text__buy">구매</span><span class="text text__num">18,782</span><span class="for-a11y">건</span></span></span></a><button type="button" class="sprite__smilefresh--after button__favorite-item" aria-describedby="itemCard_title_2522766769" aria-pressed="false" aria-label="관심상품 등록하기"></button></div></div></div></div></li><li class="list-item"><div class="box__itemcard-container"><div class="box__itemcard-body"><div class="box__itemcard-inner"><a class="link__itemcard" href="https://item.gmarket.co.kr/Item?goodscode=2523427710" tabindex="-1" aria-hidden="true"><span class="box__itemcard-img"><img class="image__itemcard no-js-400?ver=1725099930" src="data:image/gif;base64,R0lGODlhAQABAIAAAP///wAAACH5BAEAAAAALAAAAAABAAEAAAICRAEAOw==" alt="서울우유 속편한 우유 저지방 (900ml2) - 상품 이미지"/><noscript><style>.no-js-400?ver=1725099930 { display: none !important; }</style><img class="image__itemcard" src="https://gdimg.gmarket.co.kr/2523427710/still/400?ver=1725099930" alt="서울우유 속편한 우유 저지방 (900ml2) - 상품 이미지"/></noscript></span></a><div class="box__itemcard-info"><div class="box__element-info"><div class="element-info-qty"><button aria-describedby="itemCard_title_2523427710" class="sprite__smilefresh--before element-info-qty-minus" aria-disabled="true"><span class="for-a11y">상품 수 <!-- -->1<!-- --> 감소</span></button><span class="element-info-item-qty" aria-describedby="itemCard_title_2523427710"><span class="for-a11y">선택된 수량</span> <!-- -->1</span><button aria-describedby="itemCard_title_2523427710" class="sprite__smilefresh--before element-info-qty-plus"><span class="for-a11y">상품 수 <!-- -->1<!-- --> 증가</span></button></div><button type="button" class="sprite__smilefresh--before element-info-cart" aria-describedby="itemCard_title_2523427710"><span class="for-a11y">장바구니 담기</span></button></div><a href="https://item.gmarket.co.kr/Item?goodscode=2523427710" class="link__itemcard-info"><span class="box__itemcard-title-area" id="itemCard_title_2523427710"><span class="text__brand"><span class="text">서울우유</span></span><span class="text__title" id="item_title">서울우유 속편한 우유 저지방 (900ml2)</span></span><span class="box__itemcard-price-area"><span class="box__price-seller"><span class="for-a11y">판매가</span><strong class="text__price-seller">6,180</strong><span class="text__unit">원</span></span><span class="box__prime-cost"><span class="for-a11y">원가</span><span class="text__unit-cost">(<!-- -->100mL당 343원<!-- -->)</span></span></span><span class="box__itemcard-info-score"><span class="sprite__smilefresh--before box__score-awards"><span class="for-a11y">평점</span><span class="text text__score">4.7</span><span class="for-a11y">후기</span><span class="text text__num">(4,291)</span><span class="for-a11y">건</span></span><span class="box__score-buycnt"><span class="text text__buy">구매</span><span class="text text__num">15,483</span><span class="for-a11y">건</span></span></span><span class="box__itemcard-benefit-tag"><span class="box__tag box__tag-coupon"><span class="sprite__smilefresh--before box__inner">15% 쿠폰</span></span></span></a><button type="button" class="sprite__smilefresh--after button__favorite-item" aria-describedby="itemCard_title_2523427710" aria-pressed="false" aria-label="관심상품 등록하기"></button></div></div></div></div></li><li class="list-item"><div class="box__itemcard-container"><div class="box__itemcard-body"><div class="box__itemcard-inner"><a class="link__itemcard" href="https://item.gmarket.co.kr/Item?goodscode=2546205484" tabindex="-1" aria-hidden="true"><span class="box__itemcard-img"><img class="image__itemcard no-js-400?ver=1725124545" src="data:image/gif;base64,R0lGODlhAQABAIAAAP///wAAACH5BAEAAAAALAAAAAABAAEAAAICRAEAOw==" alt="노브랜드 슬라이스치즈 900g - 상품 이미지"/><noscript><style>.no-js-400?ver=1725124545 { display: none !important; }</style><img class="image__itemcard" src="https://gdimg.gmarket.co.kr/2546205484/still/400?ver=1725124545" alt="노브랜드 슬라이스치즈 900g - 상품 이미지"/></noscript></span></a><div class="box__itemcard-info"><div class="box__element-info"><div class="element-info-qty"><button aria-describedby="itemCard_title_2546205484" class="sprite__smilefresh--before element-info-qty-minus" aria-disabled="true"><span class="for-a11y">상품 수 <!-- -->1<!-- --> 감소</span></button><span class="element-info-item-qty" aria-describedby="itemCard_title_2546205484"><span class="for-a11y">선택된 수량</span> <!-- -->1</span><button aria-describedby="itemCard_title_2546205484" class="sprite__smilefresh--before element-info-qty-plus"><span class="for-a11y">상품 수 <!-- -->1<!-- --> 증가</span></button></div><button type="button" class="sprite__smilefresh--before element-info-cart" aria-describedby="itemCard_title_2546205484"><span class="for-a11y">장바구니 담기</span></button></div><a href="https://item.gmarket.co.kr/Item?goodscode=2546205484" class="link__itemcard-info"><span class="box__itemcard-title-area" id="itemCard_title_2546205484"><span class="text__brand"><span class="text">노브랜드</span></span><span class="text__title" id="item_title">노브랜드 슬라이스치즈 900g</span></span><span class="box__itemcard-price-area"><span class="box__price-seller"><span class="for-a11y">판매가</span><strong class="text__price-seller">9,980</strong><span class="text__unit">원</span></span><span class="box__prime-cost"><span class="for-a11y">원가</span><span class="text__unit-cost">(<!-- -->10g당 111원<!-- -->)</span></span></span><span class="box__itemcard-info-score"><span class="sprite__smilefresh--before box__score-awards"><span class="for-a11y">평점</span><span class="text text__score">4.8</span><span class="for-a11y">후기</span><span class="text text__num">(7,573)</span><span class="for-a11y">건</span></span><span class="box__score-buycnt"><span class="text text__buy">구매</span><span class="text text__num">15,077</span><span class="for-a11y">건</span></span></span></a><button type="button" class="sprite__smilefresh--after button__favorite-item" aria-describedby="itemCard_title_2546205484" aria-pressed="false" aria-label="관심상품 등록하기"></button></div></div></div></div></li><li class="list-item"><div class="box__itemcard-container"><div class="box__itemcard-body"><div class="box__itemcard-inner"><a class="link__itemcard" href="https://item.gmarket.co.kr/Item?goodscode=2518701870" tabindex="-1" aria-hidden="true"><span class="box__itemcard-img"><img class="image__itemcard no-js-400?ver=1725091603" src="data:image/gif;base64,R0lGODlhAQABAIAAAP///wAAACH5BAEAAAAALAAAAAABAAEAAAICRAEAOw==" alt="자연의 시작 불가리스 사과(150ml8개입) 1200ml - 상품 이미지"/><noscript><style>.no-js-400?ver=1725091603 { display: none !important; }</style><img class="image__itemcard" src="https://gdimg.gmarket.co.kr/2518701870/still/400?ver=1725091603" alt="자연의 시작 불가리스 사과(150ml8개입) 1200ml - 상품 이미지"/></noscript></span></a><div class="box__itemcard-info"><div class="box__element-info"><div class="element-info-qty"><button aria-describedby="itemCard_title_2518701870" class="sprite__smilefresh--before element-info-qty-minus" aria-disabled="true"><span class="for-a11y">상품 수 <!-- -->1<!-- --> 감소</span></button><span class="element-info-item-qty" aria-describedby="itemCard_title_2518701870"><span class="for-a11y">선택된 수량</span> <!-- -->1</span><button aria-describedby="itemCard_title_2518701870" class="sprite__smilefresh--before element-info-qty-plus"><span class="for-a11y">상품 수 <!-- -->1<!-- --> 증가</span></button></div><button type="button" class="sprite__smilefresh--before element-info-cart" aria-describedby="itemCard_title_2518701870"><span class="for-a11y">장바구니 담기</span></button></div><a href="https://item.gmarket.co.kr/Item?goodscode=2518701870" class="link__itemcard-info"><span class="box__itemcard-title-area" id="itemCard_title_2518701870"><span class="text__brand"><span class="text">남양</span></span><span class="text__title" id="item_title">자연의 시작 불가리스 사과(150ml8개입) 1200ml</span></span><span class="box__itemcard-price-area"><span class="box__price-seller"><span class="for-a11y">판매가</span><strong class="text__price-seller">8,980</strong><span class="text__unit">원</span></span><span class="box__prime-cost"><span class="for-a11y">원가</span><span class="text__unit-cost">(<!-- -->10mL당 75원<!-- -->)</span></span></span><span class="box__itemcard-info-score"><span class="sprite__smilefresh--before box__score-awards"><span class="for-a11y">평점</span><span class="text text__score">4.7</span><span class="for-a11y">후기</span><span class="text text__num">(2,683)</span><span class="for-a11y">건</span></span><span class="box__score-buycnt"><span class="text text__buy">구매</span><span class="text text__num">7,653</span><span class="for-a11y">건</span></span></span><span class="box__itemcard-benefit-tag"><span class="box__tag box__tag-coupon"><span class="sprite__smilefresh--before box__inner">15% 쿠폰</span></span></span></a><button type="button" class="sprite__smilefresh--after button__favorite-item" aria-describedby="itemCard_title_2518701870" aria-pressed="false" aria-label="관심상품 등록하기"></button></div></div></div></div></li><li class="list-item"><div class="box__itemcard-container"><div class="box__itemcard-body"><div class="box__itemcard-inner"><a class="link__itemcard" href="https://item.gmarket.co.kr/Item?goodscode=2518549547" tabindex="-1" aria-hidden="true"><span class="box__itemcard-img"><img class="image__itemcard no-js-400?ver=1725092733" src="data:image/gif;base64,R0lGODlhAQABAIAAAP///wAAACH5BAEAAAAALAAAAAABAAEAAAICRAEAOw==" alt="파스퇴르 후레쉬 우유 2입(900ml2) - 상품 이미지"/><noscript><style>.no-js-400?ver=1725092733 { display: none !important; }</style><img class="image__itemcard" src="https://gdimg.gmarket.co.kr/2518549547/still/400?ver=1725092733" alt="파스퇴르 후레쉬 우유 2입(900ml2) - 상품 이미지"/></noscript></span></a><div class="box__itemcard-info"><div class="box__element-info"><div class="element-info-qty"><button aria-describedby="itemCard_title_2518549547" class="sprite__smilefresh--before element-info-qty-minus" aria-disabled="true"><span class="for-a11y">상품 수 <!-- -->1<!-- --> 감소</span></button><span class="element-info-item-qty" aria-describedby="itemCard_title_2518549547"><span class="for-a11y">선택된 수량</span> <!-- -->1</span><button aria-describedby="itemCard_title_2518549547" class="sprite__smilefresh--before element-info-qty-plus"><span class="for-a11y">상품 수 <!-- -->1<!-- --> 증가</span></button></div><button type="button" class="sprite__smilefresh--before element-info-cart" aria-describedby="itemCard_title_2518549547"><span class="for-a11y">장바구니 담기</span></button></div><a href="https://item.gmarket.co.kr/Item?goodscode=2518549547" class="link__itemcard-info"><span class="box__itemcard-title-area" id="itemCard_title_2518549547"><span class="text__brand"><span class="text">파스퇴르</span></span><span class="text__title" id="item_title">파스퇴르 후레쉬 우유 2입(900ml2)</span></span><span class="box__itemcard-price-area"><span class="box__price-seller"><span class="for-a11y">판매가</span><strong class="text__price-seller">5,980</strong><span class="text__unit">원</span></span><span class="box__prime-cost"><span class="for-a11y">원가</span><span class="text__unit-cost">(<!-- -->100mL당 332원<!-- -->)</span></span></span><span class="box__itemcard-info-score"><span class="sprite__smilefresh--before box__score-awards"><span class="for-a11y">평점</span><span class="text text__score">4.8</span><span class="for-a11y">후기</span><span class="text text__num">(1,700)</span><span class="for-a11y">건</span></span><span class="box__score-buycnt"><span class="text text__buy">구매</span><span class="text text__num">5,665</span><span class="for-a11y">건</span></span></span><span class="box__itemcard-benefit-tag"><span class="box__tag box__tag-coupon"><span class="sprite__smilefresh--before box__inner">15% 쿠폰</span></span></span></a><button type="button" class="sprite__smilefresh--after button__favorite-item" aria-describedby="itemCard_title_2518549547" aria-pressed="false" aria-label="관심상품 등록하기"></button></div></div></div></div></li><li class="list-item"><div class="box__itemcard-container"><div class="box__itemcard-body"><div class="box__itemcard-inner"><a class="link__itemcard" href="https://item.gmarket.co.kr/Item?goodscode=2518444608" tabindex="-1" aria-hidden="true"><span class="box__itemcard-img"><img class="image__itemcard no-js-400?ver=1725092605" src="data:image/gif;base64,R0lGODlhAQABAIAAAP///wAAACH5BAEAAAAALAAAAAABAAEAAAICRAEAOw==" alt="빙그레 바나나맛 우유(240ml4개) 960ml - 상품 이미지"/><noscript><style>.no-js-400?ver=1725092605 { display: none !important; }</style><img class="image__itemcard" src="https://gdimg.gmarket.co.kr/2518444608/still/400?ver=1725092605" alt="빙그레 바나나맛 우유(240ml4개) 960ml - 상품 이미지"/></noscript></span></a><div class="box__itemcard-info"><div class="box__element-info"><div class="element-info-qty"><button aria-describedby="itemCard_title_2518444608" class="sprite__smilefresh--before element-info-qty-minus" aria-disabled="true"><span class="for-a11y">상품 수 <!-- -->1<!-- --> 감소</span></button><span class="element-info-item-qty" aria-describedby="itemCard_title_2518444608"><span class="for-a11y">선택된 수량</span> <!-- -->1</span><button aria-describedby="itemCard_title_2518444608" class="sprite__smilefresh--before element-info-qty-plus"><span class="for-a11y">상품 수 <!-- -->1<!-- --> 증가</span></button></div><button type="button" class="sprite__smilefresh--before element-info-cart" aria-describedby="itemCard_title_2518444608"><span class="for-a11y">장바구니 담기</span></button></div><a href="https://item.gmarket.co.kr/Item?goodscode=2518444608" class="link__itemcard-info"><span class="box__itemcard-title-area" id="itemCard_title_2518444608"><span class="text__brand"><span class="text">빙그레</span></span><span class="text__title" id="item_title">빙그레 바나나맛 우유(240ml4개) 960ml</span></span><span class="box__itemcard-price-area"><span class="box__price-seller"><span class="for-a11y">판매가</span><strong class="text__price-seller">5,780</strong><span class="text__unit">원</span></span><span class="box__prime-cost"><span class="for-a11y">원가</span><span class="text__unit-cost">(<!-- -->100mL당 602원<!-- -->)</span></span></span><span class="box__itemcard-info-score"><span class="sprite__smilefresh--before box__score-awards"><span class="for-a11y">평점</span><span class="text text__score">4.8</span><span class="for-a11y">후기</span><span class="text text__num">(2,013)</span><span class="for-a11y">건</span></span><span class="box__score-buycnt"><span class="text text__buy">구매</span><span class="text text__num">6,320</span><span class="for-a11y">건</span></span></span><span class="box__itemcard-benefit-tag"><span class="box__tag box__tag-coupon"><span class="sprite__smilefresh--before box__inner">15% 쿠폰</span></span></span></a><button type="button" class="sprite__smilefresh--after button__favorite-item" aria-describedby="itemCard_title_2518444608" aria-pressed="false" aria-label="관심상품 등록하기"></button></div></div></div></div></li><li class="list-item"><div class="box__itemcard-container"><div class="box__itemcard-body"><div class="box__itemcard-inner"><a class="link__itemcard" href="https://item.gmarket.co.kr/Item?goodscode=2518543167" tabindex="-1" aria-hidden="true"><span class="box__itemcard-img"><img class="image__itemcard no-js-400?ver=1725092709" src="data:image/gif;base64,R0lGODlhAQABAIAAAP///wAAACH5BAEAAAAALAAAAAABAAEAAAICRAEAOw==" alt="서울우유 후레쉬 밀크 기획(900ml2) 1800ml - 상품 이미지"/><noscript><style>.no-js-400?ver=1725092709 { display: none !important; }</style><img class="image__itemcard" src="https://gdimg.gmarket.co.kr/2518543167/still/400?ver=1725092709" alt="서울우유 후레쉬 밀크 기획(900ml2) 1800ml - 상품 이미지"/></noscript></span></a><div class="box__itemcard-info"><div class="box__element-info"><div class="element-info-qty"><button aria-describedby="itemCard_title_2518543167" class="sprite__smilefresh--before element-info-qty-minus" aria-disabled="true"><span class="for-a11y">상품 수 <!-- -->1<!-- --> 감소</span></button><span class="element-info-item-qty" aria-describedby="itemCard_title_2518543167"><span class="for-a11y">선택된 수량</span> <!-- -->1</span><button aria-describedby="itemCard_title_2518543167" class="sprite__smilefresh--before element-info-qty-plus"><span class="for-a11y">상품 수 <!-- -->1<!-- --> 증가</span></button></div><button type="button" class="sprite__smilefresh--before element-info-cart" aria-describedby="itemCard_title_2518543167"><span class="for-a11y">장바구니 담기</span></button></div><a href="https://item.gmarket.co.kr/Item?goodscode=2518543167" class="link__itemcard-info"><span class="box__itemcard-title-area" id="itemCard_title_2518543167"><span class="text__brand"><span class="text">서울우유</span></span><span class="text__title" id="item_title">서울우유 후레쉬 밀크 기획(900ml2) 1800ml</span></span><span class="box__itemcard-price-area"><span class="box__price-seller"><span class="for-a11y">판매가</span><strong class="text__price-seller">5,480</strong><span class="text__unit">원</span></span><span class="box__prime-cost"><span class="for-a11y">원가</span><span class="text__unit-cost">(<!-- -->100mL당 304원<!-- -->)</span></span></span><span class="box__itemcard-info-score"><span class="sprite__smilefresh--before box__score-awards"><span class="for-a11y">평점</span><span class="text text__score">4.8</span><span class="for-a11y">후기</span><span class="text text__num">(15,938)</span><span class="for-a11y">건</span></span><span class="box__score-buycnt"><span class="text text__buy">구매</span><span class="text text__num">58,360</span><span class="for-a11y">건</span></span></span><span class="box__itemcard-benefit-tag"><span class="box__tag box__tag-coupon"><span class="sprite__smilefresh--before box__inner">15% 쿠폰</span></span></span></a><button type="button" class="sprite__smilefresh--after button__favorite-item" aria-describedby="itemCard_title_2518543167" aria-pressed="false" aria-label="관심상품 등록하기"></button></div></div></div></div></li><li class="list-item"><div class="box__itemcard-container"><div class="box__itemcard-body"><div class="box__itemcard-inner"><a class="link__itemcard" href="https://item.gmarket.co.kr/Item?goodscode=2519483901" tabindex="-1" aria-hidden="true"><span class="box__itemcard-img"><img class="image__itemcard no-js-400?ver=1725100289" src="data:image/gif;base64,R0lGODlhAQABAIAAAP///wAAACH5BAEAAAAALAAAAAABAAEAAAICRAEAOw==" alt="남양 드빈치 자연방목치즈30입 기획 - 상품 이미지"/><noscript><style>.no-js-400?ver=1725100289 { display: none !important; }</style><img class="image__itemcard" src="https://gdimg.gmarket.co.kr/2519483901/still/400?ver=1725100289" alt="남양 드빈치 자연방목치즈30입 기획 - 상품 이미지"/></noscript></span></a><div class="box__itemcard-info"><div class="box__element-info"><div class="element-info-qty"><button aria-describedby="itemCard_title_2519483901" class="sprite__smilefresh--before element-info-qty-minus" aria-disabled="true"><span class="for-a11y">상품 수 <!-- -->1<!-- --> 감소</span></button><span class="element-info-item-qty" aria-describedby="itemCard_title_2519483901"><span class="for-a11y">선택된 수량</span> <!-- -->1</span><button aria-describedby="itemCard_title_2519483901" class="sprite__smilefresh--before element-info-qty-plus"><span class="for-a11y">상품 수 <!-- -->1<!-- --> 증가</span></button></div><button type="button" class="sprite__smilefresh--before element-info-cart" aria-describedby="itemCard_title_2519483901"><span class="for-a11y">장바구니 담기</span></button></div><a href="https://item.gmarket.co.kr/Item?goodscode=2519483901" class="link__itemcard-info"><span class="box__itemcard-title-area" id="itemCard_title_2519483901"><span class="text__brand"><span class="text">남양</span></span><span class="text__title" id="item_title">남양 드빈치 자연방목치즈30입 기획</span></span><span class="box__itemcard-price-area"><span class="box__price-seller"><span class="for-a11y">판매가</span><strong class="text__price-seller">9,980</strong><span class="text__unit">원</span></span><span class="box__prime-cost"><span class="for-a11y">원가</span><span class="text__unit-cost">(<!-- -->10g당 196원<!-- -->)</span></span></span><span class="box__itemcard-info-score"><span class="sprite__smilefresh--before box__score-awards"><span class="for-a11y">평점</span><span class="text text__score">4.8</span><span class="for-a11y">후기</span><span class="text text__num">(3,105)</span><span class="for-a11y">건</span></span><span class="box__score-buycnt"><span class="text text__buy">구매</span><span class="text text__num">8,504</span><span class="for-a11y">건</span></span></span><span class="box__itemcard-benefit-tag"><span class="box__tag box__tag-coupon"><span class="sprite__smilefresh--before box__inner">15% 쿠폰</span></span></span></a><button type="button" class="sprite__smilefresh--after button__favorite-item" aria-describedby="itemCard_title_2519483901" aria-pressed="false" aria-label="관심상품 등록하기"></button></div></div></div></div></li><li class="list-item"><div class="box__itemcard-container"><div class="box__itemcard-body"><div class="box__itemcard-inner"><a class="link__itemcard" href="https://item.gmarket.co.kr/Item?goodscode=2518583336" tabindex="-1" aria-hidden="true"><span class="box__itemcard-img"><img class="image__itemcard no-js-400?ver=1725092208" src="data:image/gif;base64,R0lGODlhAQABAIAAAP///wAAACH5BAEAAAAALAAAAAABAAEAAAICRAEAOw==" alt="남양 요구르트(65ml20개) 1300ml - 상품 이미지"/><noscript><style>.no-js-400?ver=1725092208 { display: none !important; }</style><img class="image__itemcard" src="https://gdimg.gmarket.co.kr/2518583336/still/400?ver=1725092208" alt="남양 요구르트(65ml20개) 1300ml - 상품 이미지"/></noscript></span></a><div class="box__itemcard-info"><div class="box__element-info"><div class="element-info-qty"><button aria-describedby="itemCard_title_2518583336" class="sprite__smilefresh--before element-info-qty-minus" aria-disabled="true"><span class="for-a11y">상품 수 <!-- -->1<!-- --> 감소</span></button><span class="element-info-item-qty" aria-describedby="itemCard_title_2518583336"><span class="for-a11y">선택된 수량</span> <!-- -->1</span><button aria-describedby="itemCard_title_2518583336" class="sprite__smilefresh--before element-info-qty-plus"><span class="for-a11y">상품 수 <!-- -->1<!-- --> 증가</span></button></div><button type="button" class="sprite__smilefresh--before element-info-cart" aria-describedby="itemCard_title_2518583336"><span class="for-a11y">장바구니 담기</span></button></div><a href="https://item.gmarket.co.kr/Item?goodscode=2518583336" class="link__itemcard-info"><span class="box__itemcard-title-area" id="itemCard_title_2518583336"><span class="text__brand"><span class="text">남양</span></span><span class="text__title" id="item_title">남양 요구르트(65ml20개) 1300ml</span></span><span class="box__itemcard-price-area"><span class="box__price-seller"><span class="for-a11y">판매가</span><strong class="text__price-seller">3,080</strong><span class="text__unit">원</span></span><span class="box__prime-cost"><span class="for-a11y">원가</span><span class="text__unit-cost">(<!-- -->10mL당 24원<!-- -->)</span></span></span><span class="box__itemcard-info-score"><span class="sprite__smilefresh--before box__score-awards"><span class="for-a11y">평점</span><span class="text text__score">4.7</span><span class="for-a11y">후기</span><span class="text text__num">(5,784)</span><span class="for-a11y">건</span></span><span class="box__score-buycnt"><span class="text text__buy">구매</span><span class="text text__num">14,918</span><span class="for-a11y">건</span></span></span><span class="box__itemcard-benefit-tag"><span class="box__tag box__tag-coupon"><span class="sprite__smilefresh--before box__inner">15% 쿠폰</span></span></span></a><button type="button" class="sprite__smilefresh--after button__favorite-item" aria-describedby="itemCard_title_2518583336" aria-pressed="false" aria-label="관심상품 등록하기"></button></div></div></div></div></li><li class="list-item"><div class="box__itemcard-container"><div class="box__itemcard-body"><div class="box__itemcard-inner"><span class="box__thumbnail__label">오반장</span><a class="link__itemcard" href="https://item.gmarket.co.kr/Item?goodscode=2518487611" tabindex="-1" aria-hidden="true"><span class="box__itemcard-img"><img class="image__itemcard no-js-400?ver=1725437083" src="data:image/gif;base64,R0lGODlhAQABAIAAAP///wAAACH5BAEAAAAALAAAAAABAAEAAAICRAEAOw==" alt="베지밀 달콤한 베지밀B 190ml24입 - 상품 이미지"/><noscript><style>.no-js-400?ver=1725437083 { display: none !important; }</style><img class="image__itemcard" src="https://gdimg.gmarket.co.kr/2518487611/still/400?ver=1725437083" alt="베지밀 달콤한 베지밀B 190ml24입 - 상품 이미지"/></noscript></span></a><div class="box__itemcard-info"><div class="box__element-info"><div class="element-info-qty"><button aria-describedby="itemCard_title_2518487611" class="sprite__smilefresh--before element-info-qty-minus" aria-disabled="true"><span class="for-a11y">상품 수 <!-- -->1<!-- --> 감소</span></button><span class="element-info-item-qty" aria-describedby="itemCard_title_2518487611"><span class="for-a11y">선택된 수량</span> <!-- -->1</span><button aria-describedby="itemCard_title_2518487611" class="sprite__smilefresh--before element-info-qty-plus"><span class="for-a11y">상품 수 <!-- -->1<!-- --> 증가</span></button></div><button type="button" class="sprite__smilefresh--before element-info-cart" aria-describedby="itemCard_title_2518487611"><span class="for-a11y">장바구니 담기</span></button></div><a href="https://item.gmarket.co.kr/Item?goodscode=2518487611" class="link__itemcard-info"><span class="box__itemcard-title-area" id="itemCard_title_2518487611"><span class="text__brand"><span class="text">베지밀</span></span><span class="text__title" id="item_title">베지밀 달콤한 베지밀B 190ml24입</span></span><span class="box__itemcard-price-area"><span class="box__price-seller"><span class="for-a11y">판매가</span><strong class="text__price-seller">15,980</strong><span class="text__unit">원</span></span><span class="box__prime-cost"><span class="for-a11y">원가</span><span class="text__unit-cost">(<!-- -->100mL당 350원<!-- -->)</span></span></span><span class="box__itemcard-info-score"><span class="sprite__smilefresh--before box__score-awards"><span class="for-a11y">평점</span><span class="text text__score">4.8</span><span class="for-a11y">후기</span><span class="text text__num">(297)</span><span class="for-a11y">건</span></span><span class="box__score-buycnt"><span class="text text__buy">구매</span><span class="text text__num">1,149</span><span class="for-a11y">건</span></span></span><span class="box__itemcard-benefit-tag"><span class="box__tag box__tag-coupon"><span class="sprite__smilefresh--before box__inner">15% 쿠폰</span></span></span></a><button type="button" class="sprite__smilefresh--after button__favorite-item" aria-describedby="itemCard_title_2518487611" aria-pressed="false" aria-label="관심상품 등록하기"></button></div></div></div></div></li><li class="list-item"><div class="box__itemcard-container"><div class="box__itemcard-body"><div class="box__itemcard-inner"><a class="link__itemcard" href="https://item.gmarket.co.kr/Item?goodscode=2519571377" tabindex="-1" aria-hidden="true"><span class="box__itemcard-img"><img class="image__itemcard no-js-400?ver=1725100726" src="data:image/gif;base64,R0lGODlhAQABAIAAAP///wAAACH5BAEAAAAALAAAAAABAAEAAAICRAEAOw==" alt="피코크 소금을 넣지 않은 쿠킹버터 450g - 상품 이미지"/><noscript><style>.no-js-400?ver=1725100726 { display: none !important; }</style><img class="image__itemcard" src="https://gdimg.gmarket.co.kr/2519571377/still/400?ver=1725100726" alt="피코크 소금을 넣지 않은 쿠킹버터 450g - 상품 이미지"/></noscript></span></a><div class="box__itemcard-info"><div class="box__element-info"><div class="element-info-qty"><button aria-describedby="itemCard_title_2519571377" class="sprite__smilefresh--before element-info-qty-minus" aria-disabled="true"><span class="for-a11y">상품 수 <!-- -->1<!-- --> 감소</span></button><span class="element-info-item-qty" aria-describedby="itemCard_title_2519571377"><span class="for-a11y">선택된 수량</span> <!-- -->1</span><button aria-describedby="itemCard_title_2519571377" class="sprite__smilefresh--before element-info-qty-plus"><span class="for-a11y">상품 수 <!-- -->1<!-- --> 증가</span></button></div><button type="button" class="sprite__smilefresh--before element-info-cart" aria-describedby="itemCard_title_2519571377"><span class="for-a11y">장바구니 담기</span></button></div><a href="https://item.gmarket.co.kr/Item?goodscode=2519571377" class="link__itemcard-info"><span class="box__itemcard-title-area" id="itemCard_title_2519571377"><span class="text__brand"><span class="text">피코크</span></span><span class="text__title" id="item_title">피코크 소금을 넣지 않은 쿠킹버터 450g</span></span><span class="box__itemcard-price-area"><span class="box__price-seller"><span class="for-a11y">판매가</span><strong class="text__price-seller">7,980</strong><span class="text__unit">원</span></span><span class="box__prime-cost"><span class="for-a11y">원가</span><span class="text__unit-cost">(<!-- -->100g당 1,773원<!-- -->)</span></span></span><span class="box__itemcard-info-score"><span class="sprite__smilefresh--before box__score-awards"><span class="for-a11y">평점</span><span class="text text__score">4.7</span><span class="for-a11y">후기</span><span class="text text__num">(1,952)</span><span class="for-a11y">건</span></span><span class="box__score-buycnt"><span class="text text__buy">구매</span><span class="text text__num">4,756</span><span class="for-a11y">건</span></span></span><span class="box__itemcard-benefit-tag"><span class="box__tag box__tag-coupon"><span class="sprite__smilefresh--before box__inner">15% 쿠폰</span></span></span></a><button type="button" class="sprite__smilefresh--after button__favorite-item" aria-describedby="itemCard_title_2519571377" aria-pressed="false" aria-label="관심상품 등록하기"></button></div></div></div></div></li><li class="list-item"><div class="box__itemcard-container"><div class="box__itemcard-body"><div class="box__itemcard-inner"><a class="link__itemcard" href="https://item.gmarket.co.kr/Item?goodscode=2522204500" tabindex="-1" aria-hidden="true"><span class="box__itemcard-img"><img class="image__itemcard no-js-400?ver=1725101065" src="data:image/gif;base64,R0lGODlhAQABAIAAAP///wAAACH5BAEAAAAALAAAAAABAAEAAAICRAEAOw==" alt="빙그레 요플레 10개입 기획 85g10 (맛은 랜덤배송/점별 재고에 따라 한가지 맛 입고 가능) - 상품 이미지"/><noscript><style>.no-js-400?ver=1725101065 { display: none !important; }</style><img class="image__itemcard" src="https://gdimg.gmarket.co.kr/2522204500/still/400?ver=1725101065" alt="빙그레 요플레 10개입 기획 85g10 (맛은 랜덤배송/점별 재고에 따라 한가지 맛 입고 가능) - 상품 이미지"/></noscript></span></a><div class="box__itemcard-info"><div class="box__element-info"><div class="element-info-qty"><button aria-describedby="itemCard_title_2522204500" class="sprite__smilefresh--before element-info-qty-minus" aria-disabled="true"><span class="for-a11y">상품 수 <!-- -->1<!-- --> 감소</span></button><span class="element-info-item-qty" aria-describedby="itemCard_title_2522204500"><span class="for-a11y">선택된 수량</span> <!-- -->1</span><button aria-describedby="itemCard_title_2522204500" class="sprite__smilefresh--before element-info-qty-plus"><span class="for-a11y">상품 수 <!-- -->1<!-- --> 증가</span></button></div><button type="button" class="sprite__smilefresh--before element-info-cart" aria-describedby="itemCard_title_2522204500"><span class="for-a11y">장바구니 담기</span></button></div><a href="https://item.gmarket.co.kr/Item?goodscode=2522204500" class="link__itemcard-info"><span class="box__itemcard-title-area" id="itemCard_title_2522204500"><span class="text__brand"><span class="text">빙그레</span></span><span class="text__title" id="item_title">빙그레 요플레 10개입 기획 85g10 (맛은 랜덤배송/점별 재고에 따라 한가지 맛 입고 가능)</span></span><span class="box__itemcard-price-area"><span class="box__price-seller"><span class="for-a11y">판매가</span><strong class="text__price-seller">6,480</strong><span class="text__unit">원</span></span></span><span class="box__itemcard-info-score"><span class="sprite__smilefresh--before box__score-awards"><span class="for-a11y">평점</span><span class="text text__score">4.8</span><span class="for-a11y">후기</span><span class="text text__num">(4,035)</span><span class="for-a11y">건</span></span><span class="box__score-buycnt"><span class="text text__buy">구매</span><span class="text text__num">10,552</span><span class="for-a11y">건</span></span></span><span class="box__itemcard-benefit-tag"><span class="box__tag box__tag-coupon"><span class="sprite__smilefresh--before box__inner">15% 쿠폰</span></span></span></a><button type="button" class="sprite__smilefresh--after button__favorite-item" aria-describedby="itemCard_title_2522204500" aria-pressed="false" aria-label="관심상품 등록하기"></button></div></div></div></div></li><li class="list-item"><div class="box__itemcard-container"><div class="box__itemcard-body"><div class="box__itemcard-inner"><a class="link__itemcard" href="https://item.gmarket.co.kr/Item?goodscode=3009962252" tabindex="-1" aria-hidden="true"><span class="box__itemcard-img"><img class="image__itemcard no-js-400?ver=1725135518" src="data:image/gif;base64,R0lGODlhAQABAIAAAP///wAAACH5BAEAAAAALAAAAAABAAEAAAICRAEAOw==" alt="노브랜드 데일리 요거트 플레인 80g6입 - 상품 이미지"/><noscript><style>.no-js-400?ver=1725135518 { display: none !important; }</style><img class="image__itemcard" src="https://gdimg.gmarket.co.kr/3009962252/still/400?ver=1725135518" alt="노브랜드 데일리 요거트 플레인 80g6입 - 상품 이미지"/></noscript></span></a><div class="box__itemcard-info"><div class="box__element-info"><div class="element-info-qty"><button aria-describedby="itemCard_title_3009962252" class="sprite__smilefresh--before element-info-qty-minus" aria-disabled="true"><span class="for-a11y">상품 수 <!-- -->1<!-- --> 감소</span></button><span class="element-info-item-qty" aria-describedby="itemCard_title_3009962252"><span class="for-a11y">선택된 수량</span> <!-- -->1</span><button aria-describedby="itemCard_title_3009962252" class="sprite__smilefresh--before element-info-qty-plus"><span class="for-a11y">상품 수 <!-- -->1<!-- --> 증가</span></button></div><button type="button" class="sprite__smilefresh--before element-info-cart" aria-describedby="itemCard_title_3009962252"><span class="for-a11y">장바구니 담기</span></button></div><a href="https://item.gmarket.co.kr/Item?goodscode=3009962252" class="link__itemcard-info"><span class="box__itemcard-title-area" id="itemCard_title_3009962252"><span class="text__title" id="item_title">노브랜드 데일리 요거트 플레인 80g6입</span></span><span class="box__itemcard-price-area"><span class="box__price-seller"><span class="for-a11y">판매가</span><strong class="text__price-seller">2,580</strong><span class="text__unit">원</span></span></span><span class="box__itemcard-info-score"><span class="sprite__smilefresh--before box__score-awards"><span class="for-a11y">평점</span><span class="text text__score">4.8</span><span class="for-a11y">후기</span><span class="text text__num">(4,236)</span><span class="for-a11y">건</span></span><span class="box__score-buycnt"><span class="text text__buy">구매</span><span class="text text__num">10,569</span><span class="for-a11y">건</span></span></span><span class="box__itemcard-benefit-tag"><span class="box__tag box__tag-coupon"><span class="sprite__smilefresh--before box__inner">15% 쿠폰</span></span></span></a><button type="button" class="sprite__smilefresh--after button__favorite-item" aria-describedby="itemCard_title_3009962252" aria-pressed="false" aria-label="관심상품 등록하기"></button></div></div></div></div></li><li class="list-item"><div class="box__itemcard-container"><div class="box__itemcard-body"><div class="box__itemcard-inner"><a class="link__itemcard" href="https://item.gmarket.co.kr/Item?goodscode=3978430567" tabindex="-1" aria-hidden="true"><span class="box__itemcard-img"><img class="image__itemcard no-js-400?ver=1725143070" src="data:image/gif;base64,R0lGODlhAQABAIAAAP///wAAACH5BAEAAAAALAAAAAABAAEAAAICRAEAOw==" alt="일루마 2단계 810g - 상품 이미지"/><noscript><style>.no-js-400?ver=1725143070 { display: none !important; }</style><img class="image__itemcard" src="https://gdimg.gmarket.co.kr/3978430567/still/400?ver=1725143070" alt="일루마 2단계 810g - 상품 이미지"/></noscript></span></a><div class="box__itemcard-info"><div class="box__element-info"><div class="element-info-qty"><button aria-describedby="itemCard_title_3978430567" class="sprite__smilefresh--before element-info-qty-minus" aria-disabled="true"><span class="for-a11y">상품 수 <!-- -->1<!-- --> 감소</span></button><span class="element-info-item-qty" aria-describedby="itemCard_title_3978430567"><span class="for-a11y">선택된 수량</span> <!-- -->1</span><button aria-describedby="itemCard_title_3978430567" class="sprite__smilefresh--before element-info-qty-plus"><span class="for-a11y">상품 수 <!-- -->1<!-- --> 증가</span></button></div><button type="button" class="sprite__smilefresh--before element-info-cart" aria-describedby="itemCard_title_3978430567"><span class="for-a11y">장바구니 담기</span></button></div><a href="https://item.gmarket.co.kr/Item?goodscode=3978430567" class="link__itemcard-info"><span class="box__itemcard-title-area" id="itemCard_title_3978430567"><span class="text__brand"><span class="text">일루마</span></span><span class="text__title" id="item_title">일루마 2단계 810g</span></span><span class="box__itemcard-price-area"><span class="box__price-seller"><span class="for-a11y">판매가</span><strong class="text__price-seller">68,900</strong><span class="text__unit">원</span></span><span class="box__prime-cost"><span class="for-a11y">원가</span><span class="text__unit-cost">(<!-- -->100g당 8,506원<!-- -->)</span></span></span><span class="box__itemcard-info-score"><span class="sprite__smilefresh--before box__score-awards"><span class="for-a11y">평점</span><span class="text text__score">5.0</span><span class="for-a11y">후기</span><span class="text text__num">(7)</span><span class="for-a11y">건</span></span><span class="box__score-buycnt"><span class="text text__buy">구매</span><span class="text text__num">88</span><span class="for-a11y">건</span></span></span><span class="box__itemcard-benefit-tag"><span class="box__tag box__tag-coupon"><span class="sprite__smilefresh--before box__inner">15% 쿠폰</span></span></span></a><button type="button" class="sprite__smilefresh--after button__favorite-item" aria-describedby="itemCard_title_3978430567" aria-pressed="false" aria-label="관심상품 등록하기"></button></div></div></div></div></li><li class="list-item"><div class="box__itemcard-container"><div class="box__itemcard-body"><div class="box__itemcard-inner"><a class="link__itemcard" href="https://item.gmarket.co.kr/Item?goodscode=2708163166" tabindex="-1" aria-hidden="true"><span class="box__itemcard-img"><img class="image__itemcard no-js-400?ver=1725125243" src="data:image/gif;base64,R0lGODlhAQABAIAAAP///wAAACH5BAEAAAAALAAAAAABAAEAAAICRAEAOw==" alt="갓밀크 1L (멸균우유) - 상품 이미지"/><noscript><style>.no-js-400?ver=1725125243 { display: none !important; }</style><img class="image__itemcard" src="https://gdimg.gmarket.co.kr/2708163166/still/400?ver=1725125243" alt="갓밀크 1L (멸균우유) - 상품 이미지"/></noscript></span></a><div class="box__itemcard-info"><div class="box__element-info"><div class="element-info-qty"><button aria-describedby="itemCard_title_2708163166" class="sprite__smilefresh--before element-info-qty-minus" aria-disabled="true"><span class="for-a11y">상품 수 <!-- -->1<!-- --> 감소</span></button><span class="element-info-item-qty" aria-describedby="itemCard_title_2708163166"><span class="for-a11y">선택된 수량</span> <!-- -->1</span><button aria-describedby="itemCard_title_2708163166" class="sprite__smilefresh--before element-info-qty-plus"><span class="for-a11y">상품 수 <!-- -->1<!-- --> 증가</span></button></div><button type="button" class="sprite__smilefresh--before element-info-cart" aria-describedby="itemCard_title_2708163166"><span class="for-a11y">장바구니 담기</span></button></div><a href="https://item.gmarket.co.kr/Item?goodscode=2708163166" class="link__itemcard-info"><span class="box__itemcard-title-area" id="itemCard_title_2708163166"><span class="text__brand"><span class="text">갓밀크</span></span><span class="text__title" id="item_title">갓밀크 1L (멸균우유)</span></span><span class="box__itemcard-price-area"><span class="box__price-seller"><span class="for-a11y">판매가</span><strong class="text__price-seller">1,900</strong><span class="text__unit">원</span></span><span class="box__prime-cost"><span class="for-a11y">원가</span><span class="text__unit-cost">(<!-- -->100mL당 190원<!-- -->)</span></span></span><span class="box__itemcard-info-score"><span class="sprite__smilefresh--before box__score-awards"><span class="for-a11y">평점</span><span class="text text__score">4.7</span><span class="for-a11y">후기</span><span class="text text__num">(10,237)</span><span class="for-a11y">건</span></span><span class="box__score-buycnt"><span class="text text__buy">구매</span><span class="text text__num">71,782</span><span class="for-a11y">건</span></span></span><span class="box__itemcard-benefit-tag"><span class="box__tag box__tag-coupon"><span class="sprite__smilefresh--before box__inner">15% 쿠폰</span></span></span></a><button type="button" class="sprite__smilefresh--after button__favorite-item" aria-describedby="itemCard_title_2708163166" aria-pressed="false" aria-label="관심상품 등록하기"></button></div></div></div></div></li><li class="list-item"><div class="box__itemcard-container"><div class="box__itemcard-body"><div class="box__itemcard-inner"><a class="link__itemcard" href="https://item.gmarket.co.kr/Item?goodscode=2522332760" tabindex="-1" aria-hidden="true"><span class="box__itemcard-img"><img class="image__itemcard no-js-400?ver=1725101084" src="data:image/gif;base64,R0lGODlhAQABAIAAAP///wAAACH5BAEAAAAALAAAAAABAAEAAAICRAEAOw==" alt="매일 우유 저지방2% 후레쉬팩 900ML2 - 상품 이미지"/><noscript><style>.no-js-400?ver=1725101084 { display: none !important; }</style><img class="image__itemcard" src="https://gdimg.gmarket.co.kr/2522332760/still/400?ver=1725101084" alt="매일 우유 저지방2% 후레쉬팩 900ML2 - 상품 이미지"/></noscript></span></a><div class="box__itemcard-info"><div class="box__element-info"><div class="element-info-qty"><button aria-describedby="itemCard_title_2522332760" class="sprite__smilefresh--before element-info-qty-minus" aria-disabled="true"><span class="for-a11y">상품 수 <!-- -->1<!-- --> 감소</span></button><span class="element-info-item-qty" aria-describedby="itemCard_title_2522332760"><span class="for-a11y">선택된 수량</span> <!-- -->1</span><button aria-describedby="itemCard_title_2522332760" class="sprite__smilefresh--before element-info-qty-plus"><span class="for-a11y">상품 수 <!-- -->1<!-- --> 증가</span></button></div><button type="button" class="sprite__smilefresh--before element-info-cart" aria-describedby="itemCard_title_2522332760"><span class="for-a11y">장바구니 담기</span></button></div><a href="https://item.gmarket.co.kr/Item?goodscode=2522332760" class="link__itemcard-info"><span class="box__itemcard-title-area" id="itemCard_title_2522332760"><span class="text__brand"><span class="text">매일유업</span></span><span class="text__title" id="item_title">매일 우유 저지방2% 후레쉬팩 900ML2</span></span><span class="box__itemcard-price-area"><span class="box__price-seller"><span class="for-a11y">판매가</span><strong class="text__price-seller">5,450</strong><span class="text__unit">원</span></span><span class="box__prime-cost"><span class="for-a11y">원가</span><span class="text__unit-cost">(<!-- -->100mL당 303원<!-- -->)</span></span></span><span class="box__itemcard-info-score"><span class="sprite__smilefresh--before box__score-awards"><span class="for-a11y">평점</span><span class="text text__score">4.8</span><span class="for-a11y">후기</span><span class="text text__num">(1,351)</span><span class="for-a11y">건</span></span><span class="box__score-buycnt"><span class="text text__buy">구매</span><span class="text text__num">5,224</span><span class="for-a11y">건</span></span></span><span class="box__itemcard-benefit-tag"><span class="box__tag box__tag-coupon"><span class="sprite__smilefresh--before box__inner">15% 쿠폰</span></span></span></a><button type="button" class="sprite__smilefresh--after button__favorite-item" aria-describedby="itemCard_title_2522332760" aria-pressed="false" aria-label="관심상품 등록하기"></button></div></div></div></div></li><li class="list-item"><div class="box__itemcard-container"><div class="box__itemcard-body"><div class="box__itemcard-inner"><a class="link__itemcard" href="https://item.gmarket.co.kr/Item?goodscode=2522845257" tabindex="-1" aria-hidden="true"><span class="box__itemcard-img"><img class="image__itemcard no-js-400?ver=1725117800" src="data:image/gif;base64,R0lGODlhAQABAIAAAP///wAAACH5BAEAAAAALAAAAAABAAEAAAICRAEAOw==" alt="피코크 에이 클래스 플레인요거트 900g - 상품 이미지"/><noscript><style>.no-js-400?ver=1725117800 { display: none !important; }</style><img class="image__itemcard" src="https://gdimg.gmarket.co.kr/2522845257/still/400?ver=1725117800" alt="피코크 에이 클래스 플레인요거트 900g - 상품 이미지"/></noscript></span></a><div class="box__itemcard-info"><div class="box__element-info"><div class="element-info-qty"><button aria-describedby="itemCard_title_2522845257" class="sprite__smilefresh--before element-info-qty-minus" aria-disabled="true"><span class="for-a11y">상품 수 <!-- -->1<!-- --> 감소</span></button><span class="element-info-item-qty" aria-describedby="itemCard_title_2522845257"><span class="for-a11y">선택된 수량</span> <!-- -->1</span><button aria-describedby="itemCard_title_2522845257" class="sprite__smilefresh--before element-info-qty-plus"><span class="for-a11y">상품 수 <!-- -->1<!-- --> 증가</span></button></div><button type="button" class="sprite__smilefresh--before element-info-cart" aria-describedby="itemCard_title_2522845257"><span class="for-a11y">장바구니 담기</span></button></div><a href="https://item.gmarket.co.kr/Item?goodscode=2522845257" class="link__itemcard-info"><span class="box__itemcard-title-area" id="itemCard_title_2522845257"><span class="text__brand"><span class="text">피코크</span></span><span class="text__title" id="item_title">피코크 에이 클래스 플레인요거트 900g</span></span><span class="box__itemcard-price-area"><span class="box__price-seller"><span class="for-a11y">판매가</span><strong class="text__price-seller">5,680</strong><span class="text__unit">원</span></span></span><span class="box__itemcard-info-score"><span class="sprite__smilefresh--before box__score-awards"><span class="for-a11y">평점</span><span class="text text__score">4.7</span><span class="for-a11y">후기</span><span class="text text__num">(3,920)</span><span class="for-a11y">건</span></span><span class="box__score-buycnt"><span class="text text__buy">구매</span><span class="text text__num">11,321</span><span class="for-a11y">건</span></span></span><span class="box__itemcard-benefit-tag"><span class="box__tag box__tag-coupon"><span class="sprite__smilefresh--before box__inner">15% 쿠폰</span></span></span></a><button type="button" class="sprite__smilefresh--after button__favorite-item" aria-describedby="itemCard_title_2522845257" aria-pressed="false" aria-label="관심상품 등록하기"></button></div></div></div></div></li><li class="list-item"><div class="box__itemcard-container"><div class="box__itemcard-body"><div class="box__itemcard-inner"><a class="link__itemcard" href="https://item.gmarket.co.kr/Item?goodscode=2537365390" tabindex="-1" aria-hidden="true"><span class="box__itemcard-img"><img class="image__itemcard no-js-400?ver=1725100684" src="data:image/gif;base64,R0lGODlhAQABAIAAAP///wAAACH5BAEAAAAALAAAAAABAAEAAAICRAEAOw==" alt="한국야쿠르트피로케어 쿠퍼스 140mlX4개 - 상품 이미지"/><noscript><style>.no-js-400?ver=1725100684 { display: none !important; }</style><img class="image__itemcard" src="https://gdimg.gmarket.co.kr/2537365390/still/400?ver=1725100684" alt="한국야쿠르트피로케어 쿠퍼스 140mlX4개 - 상품 이미지"/></noscript></span></a><div class="box__itemcard-info"><div class="box__element-info"><div class="element-info-qty"><button aria-describedby="itemCard_title_2537365390" class="sprite__smilefresh--before element-info-qty-minus" aria-disabled="true"><span class="for-a11y">상품 수 <!-- -->1<!-- --> 감소</span></button><span class="element-info-item-qty" aria-describedby="itemCard_title_2537365390"><span class="for-a11y">선택된 수량</span> <!-- -->1</span><button aria-describedby="itemCard_title_2537365390" class="sprite__smilefresh--before element-info-qty-plus"><span class="for-a11y">상품 수 <!-- -->1<!-- --> 증가</span></button></div><button type="button" class="sprite__smilefresh--before element-info-cart" aria-describedby="itemCard_title_2537365390"><span class="for-a11y">장바구니 담기</span></button></div><a href="https://item.gmarket.co.kr/Item?goodscode=2537365390" class="link__itemcard-info"><span class="box__itemcard-title-area" id="itemCard_title_2537365390"><span class="text__brand"><span class="text">에치와이</span></span><span class="text__title" id="item_title">한국야쿠르트피로케어 쿠퍼스 140mlX4개</span></span><span class="box__itemcard-price-area"><span class="box__price-seller"><span class="for-a11y">판매가</span><strong class="text__price-seller">10,800</strong><span class="text__unit">원</span></span><span class="box__prime-cost"><span class="for-a11y">원가</span><span class="text__unit-cost">(<!-- -->10mL당 193원<!-- -->)</span></span></span><span class="box__itemcard-info-score"><span class="sprite__smilefresh--before box__score-awards"><span class="for-a11y">평점</span><span class="text text__score">4.7</span><span class="for-a11y">후기</span><span class="text text__num">(1,863)</span><span class="for-a11y">건</span></span><span class="box__score-buycnt"><span class="text text__buy">구매</span><span class="text text__num">8,027</span><span class="for-a11y">건</span></span></span><span class="box__itemcard-benefit-tag"><span class="box__tag box__tag-coupon"><span class="sprite__smilefresh--before box__inner">15% 쿠폰</span></span></span></a><button type="button" class="sprite__smilefresh--after button__favorite-item" aria-describedby="itemCard_title_2537365390" aria-pressed="false" aria-label="관심상품 등록하기"></button></div></div></div></div></li><li class="list-item"><div class="box__itemcard-container"><div class="box__itemcard-body"><div class="box__itemcard-inner"><a class="link__itemcard" href="https://item.gmarket.co.kr/Item?goodscode=2518775982" tabindex="-1" aria-hidden="true"><span class="box__itemcard-img"><img class="image__itemcard no-js-400?ver=1725111931" src="data:image/gif;base64,R0lGODlhAQABAIAAAP///wAAACH5BAEAAAAALAAAAAABAAEAAAICRAEAOw==" alt="한국야쿠르트 야쿠르트 라이트(65ml20입) - 상품 이미지"/><noscript><style>.no-js-400?ver=1725111931 { display: none !important; }</style><img class="image__itemcard" src="https://gdimg.gmarket.co.kr/2518775982/still/400?ver=1725111931" alt="한국야쿠르트 야쿠르트 라이트(65ml20입) - 상품 이미지"/></noscript></span></a><div class="box__itemcard-info"><div class="box__element-info"><div class="element-info-qty"><button aria-describedby="itemCard_title_2518775982" class="sprite__smilefresh--before element-info-qty-minus" aria-disabled="true"><span class="for-a11y">상품 수 <!-- -->1<!-- --> 감소</span></button><span class="element-info-item-qty" aria-describedby="itemCard_title_2518775982"><span class="for-a11y">선택된 수량</span> <!-- -->1</span><button aria-describedby="itemCard_title_2518775982" class="sprite__smilefresh--before element-info-qty-plus"><span class="for-a11y">상품 수 <!-- -->1<!-- --> 증가</span></button></div><button type="button" class="sprite__smilefresh--before element-info-cart" aria-describedby="itemCard_title_2518775982"><span class="for-a11y">장바구니 담기</span></button></div><a href="https://item.gmarket.co.kr/Item?goodscode=2518775982" class="link__itemcard-info"><span class="box__itemcard-title-area" id="itemCard_title_2518775982"><span class="text__brand"><span class="text">에치와이</span></span><span class="text__title" id="item_title">한국야쿠르트 야쿠르트 라이트(65ml20입)</span></span><span class="box__itemcard-price-area"><span class="box__price-seller"><span class="for-a11y">판매가</span><strong class="text__price-seller">4,400</strong><span class="text__unit">원</span></span><span class="box__prime-cost"><span class="for-a11y">원가</span><span class="text__unit-cost">(<!-- -->10mL당 34원<!-- -->)</span></span></span><span class="box__itemcard-info-score"><span class="sprite__smilefresh--before box__score-awards"><span class="for-a11y">평점</span><span class="text text__score">4.8</span><span class="for-a11y">후기</span><span class="text text__num">(4,314)</span><span class="for-a11y">건</span></span><span class="box__score-buycnt"><span class="text text__buy">구매</span><span class="text text__num">12,412</span><span class="for-a11y">건</span></span></span><span class="box__itemcard-benefit-tag"><span class="box__tag box__tag-coupon"><span class="sprite__smilefresh--before box__inner">15% 쿠폰</span></span></span></a><button type="button" class="sprite__smilefresh--after button__favorite-item" aria-describedby="itemCard_title_2518775982" aria-pressed="false" aria-label="관심상품 등록하기"></button></div></div></div></div></li><li class="list-item"><div class="box__itemcard-container"><div class="box__itemcard-body"><div class="box__itemcard-inner"><a class="link__itemcard" href="https://item.gmarket.co.kr/Item?goodscode=2522844693" tabindex="-1" aria-hidden="true"><span class="box__itemcard-img"><img class="image__itemcard no-js-400?ver=1725119488" src="data:image/gif;base64,R0lGODlhAQABAIAAAP///wAAACH5BAEAAAAALAAAAAABAAEAAAICRAEAOw==" alt="피코크 에이 클래스 저지방요거트 900g - 상품 이미지"/><noscript><style>.no-js-400?ver=1725119488 { display: none !important; }</style><img class="image__itemcard" src="https://gdimg.gmarket.co.kr/2522844693/still/400?ver=1725119488" alt="피코크 에이 클래스 저지방요거트 900g - 상품 이미지"/></noscript></span></a><div class="box__itemcard-info"><div class="box__element-info"><div class="element-info-qty"><button aria-describedby="itemCard_title_2522844693" class="sprite__smilefresh--before element-info-qty-minus" aria-disabled="true"><span class="for-a11y">상품 수 <!-- -->1<!-- --> 감소</span></button><span class="element-info-item-qty" aria-describedby="itemCard_title_2522844693"><span class="for-a11y">선택된 수량</span> <!-- -->1</span><button aria-describedby="itemCard_title_2522844693" class="sprite__smilefresh--before element-info-qty-plus"><span class="for-a11y">상품 수 <!-- -->1<!-- --> 증가</span></button></div><button type="button" class="sprite__smilefresh--before element-info-cart" aria-describedby="itemCard_title_2522844693"><span class="for-a11y">장바구니 담기</span></button></div><a href="https://item.gmarket.co.kr/Item?goodscode=2522844693" class="link__itemcard-info"><span class="box__itemcard-title-area" id="itemCard_title_2522844693"><span class="text__brand"><span class="text">피코크</span></span><span class="text__title" id="item_title">피코크 에이 클래스 저지방요거트 900g</span></span><span class="box__itemcard-price-area"><span class="box__price-seller"><span class="for-a11y">판매가</span><strong class="text__price-seller">5,680</strong><span class="text__unit">원</span></span></span><span class="box__itemcard-info-score"><span class="sprite__smilefresh--before box__score-awards"><span class="for-a11y">평점</span><span class="text text__score">4.7</span><span class="for-a11y">후기</span><span class="text text__num">(3,632)</span><span class="for-a11y">건</span></span><span class="box__score-buycnt"><span class="text text__buy">구매</span><span class="text text__num">10,703</span><span class="for-a11y">건</span></span></span><span class="box__itemcard-benefit-tag"><span class="box__tag box__tag-coupon"><span class="sprite__smilefresh--before box__inner">15% 쿠폰</span></span></span></a><button type="button" class="sprite__smilefresh--after button__favorite-item" aria-describedby="itemCard_title_2522844693" aria-pressed="false" aria-label="관심상품 등록하기"></button></div></div></div></div></li><li class="list-item"><div class="box__itemcard-container"><div class="box__itemcard-body"><div class="box__itemcard-inner"><a class="link__itemcard" href="https://item.gmarket.co.kr/Item?goodscode=2522760853" tabindex="-1" aria-hidden="true"><span class="box__itemcard-img"><img class="image__itemcard no-js-400?ver=1725105473" src="data:image/gif;base64,R0lGODlhAQABAIAAAP///wAAACH5BAEAAAAALAAAAAABAAEAAAICRAEAOw==" alt="피코크 자연치즈를 99% 담은 모짜렐라 슈레드치즈 300g(개봉 후 냉동보관) - 상품 이미지"/><noscript><style>.no-js-400?ver=1725105473 { display: none !important; }</style><img class="image__itemcard" src="https://gdimg.gmarket.co.kr/2522760853/still/400?ver=1725105473" alt="피코크 자연치즈를 99% 담은 모짜렐라 슈레드치즈 300g(개봉 후 냉동보관) - 상품 이미지"/></noscript></span></a><div class="box__itemcard-info"><div class="box__element-info"><div class="element-info-qty"><button aria-describedby="itemCard_title_2522760853" class="sprite__smilefresh--before element-info-qty-minus" aria-disabled="true"><span class="for-a11y">상품 수 <!-- -->1<!-- --> 감소</span></button><span class="element-info-item-qty" aria-describedby="itemCard_title_2522760853"><span class="for-a11y">선택된 수량</span> <!-- -->1</span><button aria-describedby="itemCard_title_2522760853" class="sprite__smilefresh--before element-info-qty-plus"><span class="for-a11y">상품 수 <!-- -->1<!-- --> 증가</span></button></div><button type="button" class="sprite__smilefresh--before element-info-cart" aria-describedby="itemCard_title_2522760853"><span class="for-a11y">장바구니 담기</span></button></div><a href="https://item.gmarket.co.kr/Item?goodscode=2522760853" class="link__itemcard-info"><span class="box__itemcard-title-area" id="itemCard_title_2522760853"><span class="text__brand"><span class="text">피코크</span></span><span class="text__title" id="item_title">피코크 자연치즈를 99% 담은 모짜렐라 슈레드치즈 300g(개봉 후 냉동보관)</span></span><span class="box__itemcard-price-area"><span class="box__price-seller"><span class="for-a11y">판매가</span><strong class="text__price-seller">5,980</strong><span class="text__unit">원</span></span><span class="box__prime-cost"><span class="for-a11y">원가</span><span class="text__unit-cost">(<!-- -->10g당 199원<!-- -->)</span></span></span><span class="box__itemcard-info-score"><span class="sprite__smilefresh--before box__score-awards"><span class="for-a11y">평점</span><span class="text text__score">4.8</span><span class="for-a11y">후기</span><span class="text text__num">(2,244)</span><span class="for-a11y">건</span></span><span class="box__score-buycnt"><span class="text text__buy">구매</span><span class="text text__num">7,130</span><span class="for-a11y">건</span></span></span><span class="box__itemcard-benefit-tag"><span class="box__tag box__tag-coupon"><span class="sprite__smilefresh--before box__inner">15% 쿠폰</span></span></span></a><button type="button" class="sprite__smilefresh--after button__favorite-item" aria-describedby="itemCard_title_2522760853" aria-pressed="false" aria-label="관심상품 등록하기"></button></div></div></div></div></li><li class="list-item"><div class="box__itemcard-container"><div class="box__itemcard-body"><div class="box__itemcard-inner"><a class="link__itemcard" href="https://item.gmarket.co.kr/Item?goodscode=2518707448" tabindex="-1" aria-hidden="true"><span class="box__itemcard-img"><img class="image__itemcard no-js-400?ver=1725091694" src="data:image/gif;base64,R0lGODlhAQABAIAAAP///wAAACH5BAEAAAAALAAAAAABAAEAAAICRAEAOw==" alt="한국야쿠르트 윌 저지방 150mlX5개 - 상품 이미지"/><noscript><style>.no-js-400?ver=1725091694 { display: none !important; }</style><img class="image__itemcard" src="https://gdimg.gmarket.co.kr/2518707448/still/400?ver=1725091694" alt="한국야쿠르트 윌 저지방 150mlX5개 - 상품 이미지"/></noscript></span></a><div class="box__itemcard-info"><div class="box__element-info"><div class="element-info-qty"><button aria-describedby="itemCard_title_2518707448" class="sprite__smilefresh--before element-info-qty-minus" aria-disabled="true"><span class="for-a11y">상품 수 <!-- -->1<!-- --> 감소</span></button><span class="element-info-item-qty" aria-describedby="itemCard_title_2518707448"><span class="for-a11y">선택된 수량</span> <!-- -->1</span><button aria-describedby="itemCard_title_2518707448" class="sprite__smilefresh--before element-info-qty-plus"><span class="for-a11y">상품 수 <!-- -->1<!-- --> 증가</span></button></div><button type="button" class="sprite__smilefresh--before element-info-cart" aria-describedby="itemCard_title_2518707448"><span class="for-a11y">장바구니 담기</span></button></div><a href="https://item.gmarket.co.kr/Item?goodscode=2518707448" class="link__itemcard-info"><span class="box__itemcard-title-area" id="itemCard_title_2518707448"><span class="text__brand"><span class="text">에치와이</span></span><span class="text__title" id="item_title">한국야쿠르트 윌 저지방 150mlX5개</span></span><span class="box__itemcard-price-area"><span class="box__price-seller"><span class="for-a11y">판매가</span><strong class="text__price-seller">8,000</strong><span class="text__unit">원</span></span><span class="box__prime-cost"><span class="for-a11y">원가</span><span class="text__unit-cost">(<!-- -->10mL당 107원<!-- -->)</span></span></span><span class="box__itemcard-info-score"><span class="sprite__smilefresh--before box__score-awards"><span class="for-a11y">평점</span><span class="text text__score">4.7</span><span class="for-a11y">후기</span><span class="text text__num">(2,570)</span><span class="for-a11y">건</span></span><span class="box__score-buycnt"><span class="text text__buy">구매</span><span class="text text__num">10,680</span><span class="for-a11y">건</span></span></span><span class="box__itemcard-benefit-tag"><span class="box__tag box__tag-coupon"><span class="sprite__smilefresh--before box__inner">15% 쿠폰</span></span></span></a><button type="button" class="sprite__smilefresh--after button__favorite-item" aria-describedby="itemCard_title_2518707448" aria-pressed="false" aria-label="관심상품 등록하기"></button></div></div></div></div></li><li class="list-item"><div class="box__itemcard-container"><div class="box__itemcard-body"><div class="box__itemcard-inner"><a class="link__itemcard" href="https://item.gmarket.co.kr/Item?goodscode=2518686127" tabindex="-1" aria-hidden="true"><span class="box__itemcard-img"><img class="image__itemcard no-js-400?ver=1725091743" src="data:image/gif;base64,R0lGODlhAQABAIAAAP///wAAACH5BAEAAAAALAAAAAABAAEAAAICRAEAOw==" alt="빙그레 바나나 스페셜(240ml6개) 1440ml - 상품 이미지"/><noscript><style>.no-js-400?ver=1725091743 { display: none !important; }</style><img class="image__itemcard" src="https://gdimg.gmarket.co.kr/2518686127/still/400?ver=1725091743" alt="빙그레 바나나 스페셜(240ml6개) 1440ml - 상품 이미지"/></noscript></span></a><div class="box__itemcard-info"><div class="box__element-info"><div class="element-info-qty"><button aria-describedby="itemCard_title_2518686127" class="sprite__smilefresh--before element-info-qty-minus" aria-disabled="true"><span class="for-a11y">상품 수 <!-- -->1<!-- --> 감소</span></button><span class="element-info-item-qty" aria-describedby="itemCard_title_2518686127"><span class="for-a11y">선택된 수량</span> <!-- -->1</span><button aria-describedby="itemCard_title_2518686127" class="sprite__smilefresh--before element-info-qty-plus"><span class="for-a11y">상품 수 <!-- -->1<!-- --> 증가</span></button></div><button type="button" class="sprite__smilefresh--before element-info-cart" aria-describedby="itemCard_title_2518686127"><span class="for-a11y">장바구니 담기</span></button></div><a href="https://item.gmarket.co.kr/Item?goodscode=2518686127" class="link__itemcard-info"><span class="box__itemcard-title-area" id="itemCard_title_2518686127"><span class="text__title" id="item_title">빙그레 바나나 스페셜(240ml6개) 1440ml</span></span><span class="box__itemcard-price-area"><span class="box__price-seller"><span class="for-a11y">판매가</span><strong class="text__price-seller">8,100</strong><span class="text__unit">원</span></span></span><span class="box__itemcard-info-score"><span class="sprite__smilefresh--before box__score-awards"><span class="for-a11y">평점</span><span class="text text__score">4.8</span><span class="for-a11y">후기</span><span class="text text__num">(3,674)</span><span class="for-a11y">건</span></span><span class="box__score-buycnt"><span class="text text__buy">구매</span><span class="text text__num">11,348</span><span class="for-a11y">건</span></span></span><span class="box__itemcard-benefit-tag"><span class="box__tag box__tag-coupon"><span class="sprite__smilefresh--before box__inner">15% 쿠폰</span></span></span></a><button type="button" class="sprite__smilefresh--after button__favorite-item" aria-describedby="itemCard_title_2518686127" aria-pressed="false" aria-label="관심상품 등록하기"></button></div></div></div></div></li><li class="list-item"><div class="box__itemcard-container"><div class="box__itemcard-body"><div class="box__itemcard-inner"><a class="link__itemcard" href="https://item.gmarket.co.kr/Item?goodscode=4048097551" tabindex="-1" aria-hidden="true"><span class="box__itemcard-img"><img class="image__itemcard no-js-400?ver=1725141264" src="data:image/gif;base64,R0lGODlhAQABAIAAAP///wAAACH5BAEAAAAALAAAAAABAAEAAAICRAEAOw==" alt="가격역주행 체다치즈 414g - 상품 이미지"/><noscript><style>.no-js-400?ver=1725141264 { display: none !important; }</style><img class="image__itemcard" src="https://gdimg.gmarket.co.kr/4048097551/still/400?ver=1725141264" alt="가격역주행 체다치즈 414g - 상품 이미지"/></noscript></span></a><div class="box__itemcard-info"><div class="box__element-info"><div class="element-info-qty"><button aria-describedby="itemCard_title_4048097551" class="sprite__smilefresh--before element-info-qty-minus" aria-disabled="true"><span class="for-a11y">상품 수 <!-- -->1<!-- --> 감소</span></button><span class="element-info-item-qty" aria-describedby="itemCard_title_4048097551"><span class="for-a11y">선택된 수량</span> <!-- -->1</span><button aria-describedby="itemCard_title_4048097551" class="sprite__smilefresh--before element-info-qty-plus"><span class="for-a11y">상품 수 <!-- -->1<!-- --> 증가</span></button></div><button type="button" class="sprite__smilefresh--before element-info-cart" aria-describedby="itemCard_title_4048097551"><span class="for-a11y">장바구니 담기</span></button></div><a href="https://item.gmarket.co.kr/Item?goodscode=4048097551" class="link__itemcard-info"><span class="box__itemcard-title-area" id="itemCard_title_4048097551"><span class="text__title" id="item_title">가격역주행 체다치즈 414g</span></span><span class="box__itemcard-price-area"><span class="box__price-seller"><span class="for-a11y">판매가</span><strong class="text__price-seller">5,980</strong><span class="text__unit">원</span></span></span><span class="box__itemcard-info-score"><span class="sprite__smilefresh--before box__score-awards"><span class="for-a11y">평점</span><span class="text text__score">4.6</span><span class="for-a11y">후기</span><span class="text text__num">(97)</span><span class="for-a11y">건</span></span><span class="box__score-buycnt"><span class="text text__buy">구매</span><span class="text text__num">367</span><span class="for-a11y">건</span></span></span><span class="box__itemcard-benefit-tag"><span class="box__tag box__tag-coupon"><span class="sprite__smilefresh--before box__inner">15% 쿠폰</span></span></span></a><button type="button" class="sprite__smilefresh--after button__favorite-item" aria-describedby="itemCard_title_4048097551" aria-pressed="false" aria-label="관심상품 등록하기"></button></div></div></div></div></li><li class="list-item"><div class="box__itemcard-container"><div class="box__itemcard-body"><div class="box__itemcard-inner"><a class="link__itemcard" href="https://item.gmarket.co.kr/Item?goodscode=2537366321" tabindex="-1" aria-hidden="true"><span class="box__itemcard-img"><img class="image__itemcard no-js-400?ver=1725122203" src="data:image/gif;base64,R0lGODlhAQABAIAAAP///wAAACH5BAEAAAAALAAAAAABAAEAAAICRAEAOw==" alt="서울우유  내속이편안한 우유 900ml2입 - 상품 이미지"/><noscript><style>.no-js-400?ver=1725122203 { display: none !important; }</style><img class="image__itemcard" src="https://gdimg.gmarket.co.kr/2537366321/still/400?ver=1725122203" alt="서울우유  내속이편안한 우유 900ml2입 - 상품 이미지"/></noscript></span></a><div class="box__itemcard-info"><div class="box__element-info"><div class="element-info-qty"><button aria-describedby="itemCard_title_2537366321" class="sprite__smilefresh--before element-info-qty-minus" aria-disabled="true"><span class="for-a11y">상품 수 <!-- -->1<!-- --> 감소</span></button><span class="element-info-item-qty" aria-describedby="itemCard_title_2537366321"><span class="for-a11y">선택된 수량</span> <!-- -->1</span><button aria-describedby="itemCard_title_2537366321" class="sprite__smilefresh--before element-info-qty-plus"><span class="for-a11y">상품 수 <!-- -->1<!-- --> 증가</span></button></div><button type="button" class="sprite__smilefresh--before element-info-cart" aria-describedby="itemCard_title_2537366321"><span class="for-a11y">장바구니 담기</span></button></div><a href="https://item.gmarket.co.kr/Item?goodscode=2537366321" class="link__itemcard-info"><span class="box__itemcard-title-area" id="itemCard_title_2537366321"><span class="text__title" id="item_title">서울우유  내속이편안한 우유 900ml2입</span></span><span class="box__itemcard-price-area"><span class="box__price-seller"><span class="for-a11y">판매가</span><strong class="text__price-seller">6,180</strong><span class="text__unit">원</span></span></span><span class="box__itemcard-info-score"><span class="sprite__smilefresh--before box__score-awards"><span class="for-a11y">평점</span><span class="text text__score">4.7</span><span class="for-a11y">후기</span><span class="text text__num">(3,897)</span><span class="for-a11y">건</span></span><span class="box__score-buycnt"><span class="text text__buy">구매</span><span class="text text__num">10,882</span><span class="for-a11y">건</span></span></span><span class="box__itemcard-benefit-tag"><span class="box__tag box__tag-coupon"><span class="sprite__smilefresh--before box__inner">15% 쿠폰</span></span></span></a><button type="button" class="sprite__smilefresh--after button__favorite-item" aria-describedby="itemCard_title_2537366321" aria-pressed="false" aria-label="관심상품 등록하기"></button></div></div></div></div></li><li class="list-item"><div class="box__itemcard-container"><div class="box__itemcard-body"><div class="box__itemcard-inner"><span class="box__thumbnail__label">2개 사면 할인</span><a class="link__itemcard" href="https://item.gmarket.co.kr/Item?goodscode=2670671252" tabindex="-1" aria-hidden="true"><span class="box__itemcard-img"><img class="image__itemcard no-js-400?ver=1725127418" src="data:image/gif;base64,R0lGODlhAQABAIAAAP///wAAACH5BAEAAAAALAAAAAABAAEAAAICRAEAOw==" alt="덴마크 드링킹요구르트 딸기 275ml - 상품 이미지"/><noscript><style>.no-js-400?ver=1725127418 { display: none !important; }</style><img class="image__itemcard" src="https://gdimg.gmarket.co.kr/2670671252/still/400?ver=1725127418" alt="덴마크 드링킹요구르트 딸기 275ml - 상품 이미지"/></noscript></span></a><div class="box__itemcard-info"><div class="box__element-info"><div class="element-info-qty"><button aria-describedby="itemCard_title_2670671252" class="sprite__smilefresh--before element-info-qty-minus" aria-disabled="true"><span class="for-a11y">상품 수 <!-- -->1<!-- --> 감소</span></button><span class="element-info-item-qty" aria-describedby="itemCard_title_2670671252"><span class="for-a11y">선택된 수량</span> <!-- -->1</span><button aria-describedby="itemCard_title_2670671252" class="sprite__smilefresh--before element-info-qty-plus"><span class="for-a11y">상품 수 <!-- -->1<!-- --> 증가</span></button></div><button type="button" class="sprite__smilefresh--before element-info-cart" aria-describedby="itemCard_title_2670671252"><span class="for-a11y">장바구니 담기</span></button></div><a href="https://item.gmarket.co.kr/Item?goodscode=2670671252" class="link__itemcard-info"><span class="box__itemcard-title-area" id="itemCard_title_2670671252"><span class="text__brand"><span class="text">동원</span></span><span class="text__title" id="item_title">덴마크 드링킹요구르트 딸기 275ml</span></span><span class="box__itemcard-price-area"><span class="box__price-seller"><span class="for-a11y">판매가</span><strong class="text__price-seller">2,080</strong><span class="text__unit">원</span></span><span class="box__prime-cost"><span class="for-a11y">원가</span><span class="text__unit-cost">(<!-- -->10mL당 76원<!-- -->)</span></span></span><span class="box__itemcard-info-score"><span class="sprite__smilefresh--before box__score-awards"><span class="for-a11y">평점</span><span class="text text__score">4.7</span><span class="for-a11y">후기</span><span class="text text__num">(3,146)</span><span class="for-a11y">건</span></span><span class="box__score-buycnt"><span class="text text__buy">구매</span><span class="text text__num">18,805</span><span class="for-a11y">건</span></span></span><span class="box__itemcard-benefit-tag"><span class="box__tag box__tag-coupon"><span class="sprite__smilefresh--before box__inner">15% 쿠폰</span></span></span></a><button type="button" class="sprite__smilefresh--after button__favorite-item" aria-describedby="itemCard_title_2670671252" aria-pressed="false" aria-label="관심상품 등록하기"></button></div></div></div></div></li><li class="list-item"><div class="box__itemcard-container"><div class="box__itemcard-body"><div class="box__itemcard-inner"><a class="link__itemcard" href="https://item.gmarket.co.kr/Item?goodscode=2788526116" tabindex="-1" aria-hidden="true"><span class="box__itemcard-img"><img class="image__itemcard no-js-400?ver=1725130461" src="data:image/gif;base64,R0lGODlhAQABAIAAAP///wAAACH5BAEAAAAALAAAAAABAAEAAAICRAEAOw==" alt="남양 아이엠마더 1단계 - 상품 이미지"/><noscript><style>.no-js-400?ver=1725130461 { display: none !important; }</style><img class="image__itemcard" src="https://gdimg.gmarket.co.kr/2788526116/still/400?ver=1725130461" alt="남양 아이엠마더 1단계 - 상품 이미지"/></noscript></span></a><div class="box__itemcard-info"><div class="box__element-info"><div class="element-info-qty"><button aria-describedby="itemCard_title_2788526116" class="sprite__smilefresh--before element-info-qty-minus" aria-disabled="true"><span class="for-a11y">상품 수 <!-- -->1<!-- --> 감소</span></button><span class="element-info-item-qty" aria-describedby="itemCard_title_2788526116"><span class="for-a11y">선택된 수량</span> <!-- -->1</span><button aria-describedby="itemCard_title_2788526116" class="sprite__smilefresh--before element-info-qty-plus"><span class="for-a11y">상품 수 <!-- -->1<!-- --> 증가</span></button></div><button type="button" class="sprite__smilefresh--before element-info-cart" aria-describedby="itemCard_title_2788526116"><span class="for-a11y">장바구니 담기</span></button></div><a href="https://item.gmarket.co.kr/Item?goodscode=2788526116" class="link__itemcard-info"><span class="box__itemcard-title-area" id="itemCard_title_2788526116"><span class="text__brand"><span class="text">남양</span></span><span class="text__title" id="item_title">남양 아이엠마더 1단계</span></span><span class="box__itemcard-price-area"><span class="box__price-seller"><span class="for-a11y">판매가</span><strong class="text__price-seller">31,000</strong><span class="text__unit">원</span></span></span><span class="box__itemcard-info-score"><span class="sprite__smilefresh--before box__score-awards"><span class="for-a11y">평점</span><span class="text text__score">4.9</span><span class="for-a11y">후기</span><span class="text text__num">(224)</span><span class="for-a11y">건</span></span><span class="box__score-buycnt"><span class="text text__buy">구매</span><span class="text text__num">1,670</span><span class="for-a11y">건</span></span></span><span class="box__itemcard-benefit-tag"><span class="box__tag box__tag-coupon"><span class="sprite__smilefresh--before box__inner">15% 쿠폰</span></span></span></a><button type="button" class="sprite__smilefresh--after button__favorite-item" aria-describedby="itemCard_title_2788526116" aria-pressed="false" aria-label="관심상품 등록하기"></button></div></div></div></div></li><li class="list-item"><div class="box__itemcard-container"><div class="box__itemcard-body"><div class="box__itemcard-inner"><a class="link__itemcard" href="https://item.gmarket.co.kr/Item?goodscode=2518898820" tabindex="-1" aria-hidden="true"><span class="box__itemcard-img"><img class="image__itemcard no-js-400?ver=1725091658" src="data:image/gif;base64,R0lGODlhAQABAIAAAP///wAAACH5BAEAAAAALAAAAAABAAEAAAICRAEAOw==" alt="서울우유 블루베리의 상큼함이 살아있는 요구르트 750ml - 상품 이미지"/><noscript><style>.no-js-400?ver=1725091658 { display: none !important; }</style><img class="image__itemcard" src="https://gdimg.gmarket.co.kr/2518898820/still/400?ver=1725091658" alt="서울우유 블루베리의 상큼함이 살아있는 요구르트 750ml - 상품 이미지"/></noscript></span></a><div class="box__itemcard-info"><div class="box__element-info"><div class="element-info-qty"><button aria-describedby="itemCard_title_2518898820" class="sprite__smilefresh--before element-info-qty-minus" aria-disabled="true"><span class="for-a11y">상품 수 <!-- -->1<!-- --> 감소</span></button><span class="element-info-item-qty" aria-describedby="itemCard_title_2518898820"><span class="for-a11y">선택된 수량</span> <!-- -->1</span><button aria-describedby="itemCard_title_2518898820" class="sprite__smilefresh--before element-info-qty-plus"><span class="for-a11y">상품 수 <!-- -->1<!-- --> 증가</span></button></div><button type="button" class="sprite__smilefresh--before element-info-cart" aria-describedby="itemCard_title_2518898820"><span class="for-a11y">장바구니 담기</span></button></div><a href="https://item.gmarket.co.kr/Item?goodscode=2518898820" class="link__itemcard-info"><span class="box__itemcard-title-area" id="itemCard_title_2518898820"><span class="text__brand"><span class="text">서울우유</span></span><span class="text__title" id="item_title">서울우유 블루베리의 상큼함이 살아있는 요구르트 750ml</span></span><span class="box__itemcard-price-area"><span class="box__price-seller"><span class="for-a11y">판매가</span><strong class="text__price-seller">3,780</strong><span class="text__unit">원</span></span><span class="box__prime-cost"><span class="for-a11y">원가</span><span class="text__unit-cost">(<!-- -->10mL당 50원<!-- -->)</span></span></span><span class="box__itemcard-info-score"><span class="sprite__smilefresh--before box__score-awards"><span class="for-a11y">평점</span><span class="text text__score">4.8</span><span class="for-a11y">후기</span><span class="text text__num">(3,063)</span><span class="for-a11y">건</span></span><span class="box__score-buycnt"><span class="text text__buy">구매</span><span class="text text__num">8,733</span><span class="for-a11y">건</span></span></span><span class="box__itemcard-benefit-tag"><span class="box__tag box__tag-coupon"><span class="sprite__smilefresh--before box__inner">15% 쿠폰</span></span></span></a><button type="button" class="sprite__smilefresh--after button__favorite-item" aria-describedby="itemCard_title_2518898820" aria-pressed="false" aria-label="관심상품 등록하기"></button></div></div></div></div></li><li class="list-item"><div class="box__itemcard-container"><div class="box__itemcard-body"><div class="box__itemcard-inner"><a class="link__itemcard" href="https://item.gmarket.co.kr/Item?goodscode=3786052244" tabindex="-1" aria-hidden="true"><span class="box__itemcard-img"><img class="image__itemcard no-js-400?ver=1725143433" src="data:image/gif;base64,R0lGODlhAQABAIAAAP///wAAACH5BAEAAAAALAAAAAABAAEAAAICRAEAOw==" alt="서울 더진한 그릭요거트 100g2 - 상품 이미지"/><noscript><style>.no-js-400?ver=1725143433 { display: none !important; }</style><img class="image__itemcard" src="https://gdimg.gmarket.co.kr/3786052244/still/400?ver=1725143433" alt="서울 더진한 그릭요거트 100g2 - 상품 이미지"/></noscript></span></a><div class="box__itemcard-info"><div class="box__element-info"><div class="element-info-qty"><button aria-describedby="itemCard_title_3786052244" class="sprite__smilefresh--before element-info-qty-minus" aria-disabled="true"><span class="for-a11y">상품 수 <!-- -->1<!-- --> 감소</span></button><span class="element-info-item-qty" aria-describedby="itemCard_title_3786052244"><span class="for-a11y">선택된 수량</span> <!-- -->1</span><button aria-describedby="itemCard_title_3786052244" class="sprite__smilefresh--before element-info-qty-plus"><span class="for-a11y">상품 수 <!-- -->1<!-- --> 증가</span></button></div><button type="button" class="sprite__smilefresh--before element-info-cart" aria-describedby="itemCard_title_3786052244"><span class="for-a11y">장바구니 담기</span></button></div><a href="https://item.gmarket.co.kr/Item?goodscode=3786052244" class="link__itemcard-info"><span class="box__itemcard-title-area" id="itemCard_title_3786052244"><span class="text__brand"><span class="text">서울우유</span></span><span class="text__title" id="item_title">서울 더진한 그릭요거트 100g2</span></span><span class="box__itemcard-price-area"><span class="box__price-seller"><span class="for-a11y">판매가</span><strong class="text__price-seller">5,880</strong><span class="text__unit">원</span></span></span><span class="box__itemcard-info-score"><span class="sprite__smilefresh--before box__score-awards"><span class="for-a11y">평점</span><span class="text text__score">4.8</span><span class="for-a11y">후기</span><span class="text text__num">(306)</span><span class="for-a11y">건</span></span><span class="box__score-buycnt"><span class="text text__buy">구매</span><span class="text text__num">1,036</span><span class="for-a11y">건</span></span></span><span class="box__itemcard-benefit-tag"><span class="box__tag box__tag-coupon"><span class="sprite__smilefresh--before box__inner">15% 쿠폰</span></span></span></a><button type="button" class="sprite__smilefresh--after button__favorite-item" aria-describedby="itemCard_title_3786052244" aria-pressed="false" aria-label="관심상품 등록하기"></button></div></div></div></div></li><li class="list-item"><div class="box__itemcard-container"><div class="box__itemcard-body"><div class="box__itemcard-inner"><a class="link__itemcard" href="https://item.gmarket.co.kr/Item?goodscode=2519018201" tabindex="-1" aria-hidden="true"><span class="box__itemcard-img"><img class="image__itemcard no-js-400?ver=1725122016" src="data:image/gif;base64,R0lGODlhAQABAIAAAP///wAAACH5BAEAAAAALAAAAAABAAEAAAICRAEAOw==" alt="소화잘되는 배안아픈저지방우유 (900ml2) - 상품 이미지"/><noscript><style>.no-js-400?ver=1725122016 { display: none !important; }</style><img class="image__itemcard" src="https://gdimg.gmarket.co.kr/2519018201/still/400?ver=1725122016" alt="소화잘되는 배안아픈저지방우유 (900ml2) - 상품 이미지"/></noscript></span></a><div class="box__itemcard-info"><div class="box__element-info"><div class="element-info-qty"><button aria-describedby="itemCard_title_2519018201" class="sprite__smilefresh--before element-info-qty-minus" aria-disabled="true"><span class="for-a11y">상품 수 <!-- -->1<!-- --> 감소</span></button><span class="element-info-item-qty" aria-describedby="itemCard_title_2519018201"><span class="for-a11y">선택된 수량</span> <!-- -->1</span><button aria-describedby="itemCard_title_2519018201" class="sprite__smilefresh--before element-info-qty-plus"><span class="for-a11y">상품 수 <!-- -->1<!-- --> 증가</span></button></div><button type="button" class="sprite__smilefresh--before element-info-cart" aria-describedby="itemCard_title_2519018201"><span class="for-a11y">장바구니 담기</span></button></div><a href="https://item.gmarket.co.kr/Item?goodscode=2519018201" class="link__itemcard-info"><span class="box__itemcard-title-area" id="itemCard_title_2519018201"><span class="text__brand"><span class="text">남양</span></span><span class="text__title" id="item_title">소화잘되는 배안아픈저지방우유 (900ml2)</span></span><span class="box__itemcard-price-area"><span class="box__price-seller"><span class="for-a11y">판매가</span><strong class="text__price-seller">6,380</strong><span class="text__unit">원</span></span><span class="box__prime-cost"><span class="for-a11y">원가</span><span class="text__unit-cost">(<!-- -->100mL당 354원<!-- -->)</span></span></span><span class="box__itemcard-info-score"><span class="sprite__smilefresh--before box__score-awards"><span class="for-a11y">평점</span><span class="text text__score">4.7</span><span class="for-a11y">후기</span><span class="text text__num">(905)</span><span class="for-a11y">건</span></span><span class="box__score-buycnt"><span class="text text__buy">구매</span><span class="text text__num">3,071</span><span class="for-a11y">건</span></span></span><span class="box__itemcard-benefit-tag"><span class="box__tag box__tag-coupon"><span class="sprite__smilefresh--before box__inner">15% 쿠폰</span></span></span></a><button type="button" class="sprite__smilefresh--after button__favorite-item" aria-describedby="itemCard_title_2519018201" aria-pressed="false" aria-label="관심상품 등록하기"></button></div></div></div></div></li><li class="list-item"><div class="box__itemcard-container"><div class="box__itemcard-body"><div class="box__itemcard-inner"><a class="link__itemcard" href="https://item.gmarket.co.kr/Item?goodscode=2518491854" tabindex="-1" aria-hidden="true"><span class="box__itemcard-img"><img class="image__itemcard no-js-400?ver=1725088265" src="data:image/gif;base64,R0lGODlhAQABAIAAAP///wAAACH5BAEAAAAALAAAAAABAAEAAAICRAEAOw==" alt="서울우유 목장의 신선함이 살아있는 우유 1L - 상품 이미지"/><noscript><style>.no-js-400?ver=1725088265 { display: none !important; }</style><img class="image__itemcard" src="https://gdimg.gmarket.co.kr/2518491854/still/400?ver=1725088265" alt="서울우유 목장의 신선함이 살아있는 우유 1L - 상품 이미지"/></noscript></span></a><div class="box__itemcard-info"><div class="box__element-info"><div class="element-info-qty"><button aria-describedby="itemCard_title_2518491854" class="sprite__smilefresh--before element-info-qty-minus" aria-disabled="true"><span class="for-a11y">상품 수 <!-- -->1<!-- --> 감소</span></button><span class="element-info-item-qty" aria-describedby="itemCard_title_2518491854"><span class="for-a11y">선택된 수량</span> <!-- -->1</span><button aria-describedby="itemCard_title_2518491854" class="sprite__smilefresh--before element-info-qty-plus"><span class="for-a11y">상품 수 <!-- -->1<!-- --> 증가</span></button></div><button type="button" class="sprite__smilefresh--before element-info-cart" aria-describedby="itemCard_title_2518491854"><span class="for-a11y">장바구니 담기</span></button></div><a href="https://item.gmarket.co.kr/Item?goodscode=2518491854" class="link__itemcard-info"><span class="box__itemcard-title-area" id="itemCard_title_2518491854"><span class="text__brand"><span class="text">서울우유</span></span><span class="text__title" id="item_title">서울우유 목장의 신선함이 살아있는 우유 1L</span></span><span class="box__itemcard-price-area"><span class="box__price-seller"><span class="for-a11y">판매가</span><strong class="text__price-seller">3,640</strong><span class="text__unit">원</span></span><span class="box__prime-cost"><span class="for-a11y">원가</span><span class="text__unit-cost">(<!-- -->100mL당 364원<!-- -->)</span></span></span><span class="box__itemcard-info-score"><span class="sprite__smilefresh--before box__score-awards"><span class="for-a11y">평점</span><span class="text text__score">4.8</span><span class="for-a11y">후기</span><span class="text text__num">(2,306)</span><span class="for-a11y">건</span></span><span class="box__score-buycnt"><span class="text text__buy">구매</span><span class="text text__num">8,963</span><span class="for-a11y">건</span></span></span><span class="box__itemcard-benefit-tag"><span class="box__tag box__tag-coupon"><span class="sprite__smilefresh--before box__inner">15% 쿠폰</span></span></span></a><button type="button" class="sprite__smilefresh--after button__favorite-item" aria-describedby="itemCard_title_2518491854" aria-pressed="false" aria-label="관심상품 등록하기"></button></div></div></div></div></li><li class="list-item"><div class="box__itemcard-container"><div class="box__itemcard-body"><div class="box__itemcard-inner"><a class="link__itemcard" href="https://item.gmarket.co.kr/Item?goodscode=2518492820" tabindex="-1" aria-hidden="true"><span class="box__itemcard-img"><img class="image__itemcard no-js-400?ver=1725088525" src="data:image/gif;base64,R0lGODlhAQABAIAAAP///wAAACH5BAEAAAAALAAAAAABAAEAAAICRAEAOw==" alt="서울우유 버터 450g(해동) - 상품 이미지"/><noscript><style>.no-js-400?ver=1725088525 { display: none !important; }</style><img class="image__itemcard" src="https://gdimg.gmarket.co.kr/2518492820/still/400?ver=1725088525" alt="서울우유 버터 450g(해동) - 상품 이미지"/></noscript></span></a><div class="box__itemcard-info"><div class="box__element-info"><div class="element-info-qty"><button aria-describedby="itemCard_title_2518492820" class="sprite__smilefresh--before element-info-qty-minus" aria-disabled="true"><span class="for-a11y">상품 수 <!-- -->1<!-- --> 감소</span></button><span class="element-info-item-qty" aria-describedby="itemCard_title_2518492820"><span class="for-a11y">선택된 수량</span> <!-- -->1</span><button aria-describedby="itemCard_title_2518492820" class="sprite__smilefresh--before element-info-qty-plus"><span class="for-a11y">상품 수 <!-- -->1<!-- --> 증가</span></button></div><button type="button" class="sprite__smilefresh--before element-info-cart" aria-describedby="itemCard_title_2518492820"><span class="for-a11y">장바구니 담기</span></button></div><a href="https://item.gmarket.co.kr/Item?goodscode=2518492820" class="link__itemcard-info"><span class="box__itemcard-title-area" id="itemCard_title_2518492820"><span class="text__brand"><span class="text">롯데웰푸드</span></span><span class="text__title" id="item_title">서울우유 버터 450g(해동)</span></span><span class="box__itemcard-price-area"><span class="box__price-seller"><span class="for-a11y">판매가</span><strong class="text__price-seller">11,000</strong><span class="text__unit">원</span></span><span class="box__prime-cost"><span class="for-a11y">원가</span><span class="text__unit-cost">(<!-- -->100g당 2,444원<!-- -->)</span></span></span><span class="box__itemcard-info-score"><span class="sprite__smilefresh--before box__score-awards"><span class="for-a11y">평점</span><span class="text text__score">4.8</span><span class="for-a11y">후기</span><span class="text text__num">(2,068)</span><span class="for-a11y">건</span></span><span class="box__score-buycnt"><span class="text text__buy">구매</span><span class="text text__num">7,555</span><span class="for-a11y">건</span></span></span><span class="box__itemcard-benefit-tag"><span class="box__tag box__tag-coupon"><span class="sprite__smilefresh--before box__inner">15% 쿠폰</span></span></span></a><button type="button" class="sprite__smilefresh--after button__favorite-item" aria-describedby="itemCard_title_2518492820" aria-pressed="false" aria-label="관심상품 등록하기"></button></div></div></div></div></li><li class="list-item"><div class="box__itemcard-container"><div class="box__itemcard-body"><div class="box__itemcard-inner"><span class="box__thumbnail__label">2개 사면 할인</span><a class="link__itemcard" href="https://item.gmarket.co.kr/Item?goodscode=2670671134" tabindex="-1" aria-hidden="true"><span class="box__itemcard-img"><img class="image__itemcard no-js-400?ver=1725127942" src="data:image/gif;base64,R0lGODlhAQABAIAAAP///wAAACH5BAEAAAAALAAAAAABAAEAAAICRAEAOw==" alt="덴마크 드링킹요구르트 사과 275ml - 상품 이미지"/><noscript><style>.no-js-400?ver=1725127942 { display: none !important; }</style><img class="image__itemcard" src="https://gdimg.gmarket.co.kr/2670671134/still/400?ver=1725127942" alt="덴마크 드링킹요구르트 사과 275ml - 상품 이미지"/></noscript></span></a><div class="box__itemcard-info"><div class="box__element-info"><div class="element-info-qty"><button aria-describedby="itemCard_title_2670671134" class="sprite__smilefresh--before element-info-qty-minus" aria-disabled="true"><span class="for-a11y">상품 수 <!-- -->1<!-- --> 감소</span></button><span class="element-info-item-qty" aria-describedby="itemCard_title_2670671134"><span class="for-a11y">선택된 수량</span> <!-- -->1</span><button aria-describedby="itemCard_title_2670671134" class="sprite__smilefresh--before element-info-qty-plus"><span class="for-a11y">상품 수 <!-- -->1<!-- --> 증가</span></button></div><button type="button" class="sprite__smilefresh--before element-info-cart" aria-describedby="itemCard_title_2670671134"><span class="for-a11y">장바구니 담기</span></button></div><a href="https://item.gmarket.co.kr/Item?goodscode=2670671134" class="link__itemcard-info"><span class="box__itemcard-title-area" id="itemCard_title_2670671134"><span class="text__brand"><span class="text">동원</span></span><span class="text__title" id="item_title">덴마크 드링킹요구르트 사과 275ml</span></span><span class="box__itemcard-price-area"><span class="box__price-seller"><span class="for-a11y">판매가</span><strong class="text__price-seller">2,080</strong><span class="text__unit">원</span></span><span class="box__prime-cost"><span class="for-a11y">원가</span><span class="text__unit-cost">(<!-- -->10mL당 76원<!-- -->)</span></span></span><span class="box__itemcard-info-score"><span class="sprite__smilefresh--before box__score-awards"><span class="for-a11y">평점</span><span class="text text__score">4.7</span><span class="for-a11y">후기</span><span class="text text__num">(2,011)</span><span class="for-a11y">건</span></span><span class="box__score-buycnt"><span class="text text__buy">구매</span><span class="text text__num">10,678</span><span class="for-a11y">건</span></span></span><span class="box__itemcard-benefit-tag"><span class="box__tag box__tag-coupon"><span class="sprite__smilefresh--before box__inner">15% 쿠폰</span></span></span></a><button type="button" class="sprite__smilefresh--after button__favorite-item" aria-describedby="itemCard_title_2670671134" aria-pressed="false" aria-label="관심상품 등록하기"></button></div></div></div></div></li><li class="list-item"><div class="box__itemcard-container"><div class="box__itemcard-body"><div class="box__itemcard-inner"><a class="link__itemcard" href="https://item.gmarket.co.kr/Item?goodscode=2891533362" tabindex="-1" aria-hidden="true"><span class="box__itemcard-img"><img class="image__itemcard no-js-400?ver=1725127961" src="data:image/gif;base64,R0lGODlhAQABAIAAAP///wAAACH5BAEAAAAALAAAAAABAAEAAAICRAEAOw==" alt="서울우유 액상요구르트 65ml20 - 상품 이미지"/><noscript><style>.no-js-400?ver=1725127961 { display: none !important; }</style><img class="image__itemcard" src="https://gdimg.gmarket.co.kr/2891533362/still/400?ver=1725127961" alt="서울우유 액상요구르트 65ml20 - 상품 이미지"/></noscript></span></a><div class="box__itemcard-info"><div class="box__element-info"><div class="element-info-qty"><button aria-describedby="itemCard_title_2891533362" class="sprite__smilefresh--before element-info-qty-minus" aria-disabled="true"><span class="for-a11y">상품 수 <!-- -->1<!-- --> 감소</span></button><span class="element-info-item-qty" aria-describedby="itemCard_title_2891533362"><span class="for-a11y">선택된 수량</span> <!-- -->1</span><button aria-describedby="itemCard_title_2891533362" class="sprite__smilefresh--before element-info-qty-plus"><span class="for-a11y">상품 수 <!-- -->1<!-- --> 증가</span></button></div><button type="button" class="sprite__smilefresh--before element-info-cart" aria-describedby="itemCard_title_2891533362"><span class="for-a11y">장바구니 담기</span></button></div><a href="https://item.gmarket.co.kr/Item?goodscode=2891533362" class="link__itemcard-info"><span class="box__itemcard-title-area" id="itemCard_title_2891533362"><span class="text__brand"><span class="text">서울우유</span></span><span class="text__title" id="item_title">서울우유 액상요구르트 65ml20</span></span><span class="box__itemcard-price-area"><span class="box__price-seller"><span class="for-a11y">판매가</span><strong class="text__price-seller">3,100</strong><span class="text__unit">원</span></span><span class="box__prime-cost"><span class="for-a11y">원가</span><span class="text__unit-cost">(<!-- -->10mL당 24원<!-- -->)</span></span></span><span class="box__itemcard-info-score"><span class="sprite__smilefresh--before box__score-awards"><span class="for-a11y">평점</span><span class="text text__score">4.8</span><span class="for-a11y">후기</span><span class="text text__num">(3,435)</span><span class="for-a11y">건</span></span><span class="box__score-buycnt"><span class="text text__buy">구매</span><span class="text text__num">7,741</span><span class="for-a11y">건</span></span></span><span class="box__itemcard-benefit-tag"><span class="box__tag box__tag-coupon"><span class="sprite__smilefresh--before box__inner">15% 쿠폰</span></span></span></a><button type="button" class="sprite__smilefresh--after button__favorite-item" aria-describedby="itemCard_title_2891533362" aria-pressed="false" aria-label="관심상품 등록하기"></button></div></div></div></div></li><li class="list-item"><div class="box__itemcard-container"><div class="box__itemcard-body"><div class="box__itemcard-inner"><a class="link__itemcard" href="https://item.gmarket.co.kr/Item?goodscode=2518702417" tabindex="-1" aria-hidden="true"><span class="box__itemcard-img"><img class="image__itemcard no-js-400?ver=1725091610" src="data:image/gif;base64,R0lGODlhAQABAIAAAP///wAAACH5BAEAAAAALAAAAAABAAEAAAICRAEAOw==" alt="비피더스 명장 기획(125ml12/점포별 구성 상이함) 1500ml - 상품 이미지"/><noscript><style>.no-js-400?ver=1725091610 { display: none !important; }</style><img class="image__itemcard" src="https://gdimg.gmarket.co.kr/2518702417/still/400?ver=1725091610" alt="비피더스 명장 기획(125ml12/점포별 구성 상이함) 1500ml - 상품 이미지"/></noscript></span></a><div class="box__itemcard-info"><div class="box__element-info"><div class="element-info-qty"><button aria-describedby="itemCard_title_2518702417" class="sprite__smilefresh--before element-info-qty-minus" aria-disabled="true"><span class="for-a11y">상품 수 <!-- -->1<!-- --> 감소</span></button><span class="element-info-item-qty" aria-describedby="itemCard_title_2518702417"><span class="for-a11y">선택된 수량</span> <!-- -->1</span><button aria-describedby="itemCard_title_2518702417" class="sprite__smilefresh--before element-info-qty-plus"><span class="for-a11y">상품 수 <!-- -->1<!-- --> 증가</span></button></div><button type="button" class="sprite__smilefresh--before element-info-cart" aria-describedby="itemCard_title_2518702417"><span class="for-a11y">장바구니 담기</span></button></div><a href="https://item.gmarket.co.kr/Item?goodscode=2518702417" class="link__itemcard-info"><span class="box__itemcard-title-area" id="itemCard_title_2518702417"><span class="text__brand"><span class="text">동원</span></span><span class="text__title" id="item_title">비피더스 명장 기획(125ml12/점포별 구성 상이함) 1500ml</span></span><span class="box__itemcard-price-area"><span class="box__price-seller"><span class="for-a11y">판매가</span><strong class="text__price-seller">4,980</strong><span class="text__unit">원</span></span><span class="box__prime-cost"><span class="for-a11y">원가</span><span class="text__unit-cost">(<!-- -->10mL당 33원<!-- -->)</span></span></span><span class="box__itemcard-info-score"><span class="sprite__smilefresh--before box__score-awards"><span class="for-a11y">평점</span><span class="text text__score">4.7</span><span class="for-a11y">후기</span><span class="text text__num">(4,019)</span><span class="for-a11y">건</span></span><span class="box__score-buycnt"><span class="text text__buy">구매</span><span class="text text__num">10,321</span><span class="for-a11y">건</span></span></span><span class="box__itemcard-benefit-tag"><span class="box__tag box__tag-coupon"><span class="sprite__smilefresh--before box__inner">15% 쿠폰</span></span></span></a><button type="button" class="sprite__smilefresh--after button__favorite-item" aria-describedby="itemCard_title_2518702417" aria-pressed="false" aria-label="관심상품 등록하기"></button></div></div></div></div></li><li class="list-item"><div class="box__itemcard-container"><div class="box__itemcard-body"><div class="box__itemcard-inner"><a class="link__itemcard" href="https://item.gmarket.co.kr/Item?goodscode=2880047355" tabindex="-1" aria-hidden="true"><span class="box__itemcard-img"><img class="image__itemcard no-js-400?ver=1725128496" src="data:image/gif;base64,R0lGODlhAQABAIAAAP///wAAACH5BAEAAAAALAAAAAABAAEAAAICRAEAOw==" alt="보꼬네 모짜렐라 슈레드치즈 780g(개봉 후 냉동보관) - 상품 이미지"/><noscript><style>.no-js-400?ver=1725128496 { display: none !important; }</style><img class="image__itemcard" src="https://gdimg.gmarket.co.kr/2880047355/still/400?ver=1725128496" alt="보꼬네 모짜렐라 슈레드치즈 780g(개봉 후 냉동보관) - 상품 이미지"/></noscript></span></a><div class="box__itemcard-info"><div class="box__element-info"><div class="element-info-qty"><button aria-describedby="itemCard_title_2880047355" class="sprite__smilefresh--before element-info-qty-minus" aria-disabled="true"><span class="for-a11y">상품 수 <!-- -->1<!-- --> 감소</span></button><span class="element-info-item-qty" aria-describedby="itemCard_title_2880047355"><span class="for-a11y">선택된 수량</span> <!-- -->1</span><button aria-describedby="itemCard_title_2880047355" class="sprite__smilefresh--before element-info-qty-plus"><span class="for-a11y">상품 수 <!-- -->1<!-- --> 증가</span></button></div><button type="button" class="sprite__smilefresh--before element-info-cart" aria-describedby="itemCard_title_2880047355"><span class="for-a11y">장바구니 담기</span></button></div><a href="https://item.gmarket.co.kr/Item?goodscode=2880047355" class="link__itemcard-info"><span class="box__itemcard-title-area" id="itemCard_title_2880047355"><span class="text__brand"><span class="text">BOCCONE</span></span><span class="text__title" id="item_title">보꼬네 모짜렐라 슈레드치즈 780g(개봉 후 냉동보관)</span></span><span class="box__itemcard-price-area"><span class="box__price-seller"><span class="for-a11y">판매가</span><strong class="text__price-seller">11,680</strong><span class="text__unit">원</span></span><span class="box__prime-cost"><span class="for-a11y">원가</span><span class="text__unit-cost">(<!-- -->10g당 150원<!-- -->)</span></span></span><span class="box__itemcard-info-score"><span class="sprite__smilefresh--before box__score-awards"><span class="for-a11y">평점</span><span class="text text__score">4.8</span><span class="for-a11y">후기</span><span class="text text__num">(1,143)</span><span class="for-a11y">건</span></span><span class="box__score-buycnt"><span class="text text__buy">구매</span><span class="text text__num">2,317</span><span class="for-a11y">건</span></span></span><span class="box__itemcard-benefit-tag"><span class="box__tag box__tag-coupon"><span class="sprite__smilefresh--before box__inner">15% 쿠폰</span></span></span></a><button type="button" class="sprite__smilefresh--after button__favorite-item" aria-describedby="itemCard_title_2880047355" aria-pressed="false" aria-label="관심상품 등록하기"></button></div></div></div></div></li><li class="list-item"><div class="box__itemcard-container"><div class="box__itemcard-body"><div class="box__itemcard-inner"><a class="link__itemcard" href="https://item.gmarket.co.kr/Item?goodscode=2518472479" tabindex="-1" aria-hidden="true"><span class="box__itemcard-img"><img class="image__itemcard no-js-400?ver=1725092658" src="data:image/gif;base64,R0lGODlhAQABAIAAAP///wAAACH5BAEAAAAALAAAAAABAAEAAAICRAEAOw==" alt="서울우유 서울우유 1.8L - 상품 이미지"/><noscript><style>.no-js-400?ver=1725092658 { display: none !important; }</style><img class="image__itemcard" src="https://gdimg.gmarket.co.kr/2518472479/still/400?ver=1725092658" alt="서울우유 서울우유 1.8L - 상품 이미지"/></noscript></span></a><div class="box__itemcard-info"><div class="box__element-info"><div class="element-info-qty"><button aria-describedby="itemCard_title_2518472479" class="sprite__smilefresh--before element-info-qty-minus" aria-disabled="true"><span class="for-a11y">상품 수 <!-- -->1<!-- --> 감소</span></button><span class="element-info-item-qty" aria-describedby="itemCard_title_2518472479"><span class="for-a11y">선택된 수량</span> <!-- -->1</span><button aria-describedby="itemCard_title_2518472479" class="sprite__smilefresh--before element-info-qty-plus"><span class="for-a11y">상품 수 <!-- -->1<!-- --> 증가</span></button></div><button type="button" class="sprite__smilefresh--before element-info-cart" aria-describedby="itemCard_title_2518472479"><span class="for-a11y">장바구니 담기</span></button></div><a href="https://item.gmarket.co.kr/Item?goodscode=2518472479" class="link__itemcard-info"><span class="box__itemcard-title-area" id="itemCard_title_2518472479"><span class="text__brand"><span class="text">서울우유</span></span><span class="text__title" id="item_title">서울우유 서울우유 1.8L</span></span><span class="box__itemcard-price-area"><span class="box__price-seller"><span class="for-a11y">판매가</span><strong class="text__price-seller">5,970</strong><span class="text__unit">원</span></span><span class="box__prime-cost"><span class="for-a11y">원가</span><span class="text__unit-cost">(<!-- -->100mL당 332원<!-- -->)</span></span></span><span class="box__itemcard-info-score"><span class="sprite__smilefresh--before box__score-awards"><span class="for-a11y">평점</span><span class="text text__score">4.8</span><span class="for-a11y">후기</span><span class="text text__num">(2,447)</span><span class="for-a11y">건</span></span><span class="box__score-buycnt"><span class="text text__buy">구매</span><span class="text text__num">7,393</span><span class="for-a11y">건</span></span></span><span class="box__itemcard-benefit-tag"><span class="box__tag box__tag-coupon"><span class="sprite__smilefresh--before box__inner">15% 쿠폰</span></span></span></a><button type="button" class="sprite__smilefresh--after button__favorite-item" aria-describedby="itemCard_title_2518472479" aria-pressed="false" aria-label="관심상품 등록하기"></button></div></div></div></div></li><li class="list-item"><div class="box__itemcard-container"><div class="box__itemcard-body"><div class="box__itemcard-inner"><a class="link__itemcard" href="https://item.gmarket.co.kr/Item?goodscode=2518473147" tabindex="-1" aria-hidden="true"><span class="box__itemcard-img"><img class="image__itemcard no-js-400?ver=1725092607" src="data:image/gif;base64,R0lGODlhAQABAIAAAP///wAAACH5BAEAAAAALAAAAAABAAEAAAICRAEAOw==" alt="파스퇴르 파스퇴르 우유 2.3L - 상품 이미지"/><noscript><style>.no-js-400?ver=1725092607 { display: none !important; }</style><img class="image__itemcard" src="https://gdimg.gmarket.co.kr/2518473147/still/400?ver=1725092607" alt="파스퇴르 파스퇴르 우유 2.3L - 상품 이미지"/></noscript></span></a><div class="box__itemcard-info"><div class="box__element-info"><div class="element-info-qty"><button aria-describedby="itemCard_title_2518473147" class="sprite__smilefresh--before element-info-qty-minus" aria-disabled="true"><span class="for-a11y">상품 수 <!-- -->1<!-- --> 감소</span></button><span class="element-info-item-qty" aria-describedby="itemCard_title_2518473147"><span class="for-a11y">선택된 수량</span> <!-- -->1</span><button aria-describedby="itemCard_title_2518473147" class="sprite__smilefresh--before element-info-qty-plus"><span class="for-a11y">상품 수 <!-- -->1<!-- --> 증가</span></button></div><button type="button" class="sprite__smilefresh--before element-info-cart" aria-describedby="itemCard_title_2518473147"><span class="for-a11y">장바구니 담기</span></button></div><a href="https://item.gmarket.co.kr/Item?goodscode=2518473147" class="link__itemcard-info"><span class="box__itemcard-title-area" id="itemCard_title_2518473147"><span class="text__brand"><span class="text">파스퇴르</span></span><span class="text__title" id="item_title">파스퇴르 파스퇴르 우유 2.3L</span></span><span class="box__itemcard-price-area"><span class="box__price-seller"><span class="for-a11y">판매가</span><strong class="text__price-seller">7,480</strong><span class="text__unit">원</span></span><span class="box__prime-cost"><span class="for-a11y">원가</span><span class="text__unit-cost">(<!-- -->100mL당 325원<!-- -->)</span></span></span><span class="box__itemcard-info-score"><span class="sprite__smilefresh--before box__score-awards"><span class="for-a11y">평점</span><span class="text text__score">4.8</span><span class="for-a11y">후기</span><span class="text text__num">(1,253)</span><span class="for-a11y">건</span></span><span class="box__score-buycnt"><span class="text text__buy">구매</span><span class="text text__num">5,717</span><span class="for-a11y">건</span></span></span><span class="box__itemcard-benefit-tag"><span class="box__tag box__tag-coupon"><span class="sprite__smilefresh--before box__inner">15% 쿠폰</span></span></span></a><button type="button" class="sprite__smilefresh--after button__favorite-item" aria-describedby="itemCard_title_2518473147" aria-pressed="false" aria-label="관심상품 등록하기"></button></div></div></div></div></li><li class="list-item"><div class="box__itemcard-container"><div class="box__itemcard-body"><div class="box__itemcard-inner"><a class="link__itemcard" href="https://item.gmarket.co.kr/Item?goodscode=2519319923" tabindex="-1" aria-hidden="true"><span class="box__itemcard-img"><img class="image__itemcard no-js-400?ver=1725100584" src="data:image/gif;base64,R0lGODlhAQABAIAAAP///wAAACH5BAEAAAAALAAAAAABAAEAAAICRAEAOw==" alt="이롬 황성주 국산콩 검은콩 두유 190ml20 - 상품 이미지"/><noscript><style>.no-js-400?ver=1725100584 { display: none !important; }</style><img class="image__itemcard" src="https://gdimg.gmarket.co.kr/2519319923/still/400?ver=1725100584" alt="이롬 황성주 국산콩 검은콩 두유 190ml20 - 상품 이미지"/></noscript></span></a><div class="box__itemcard-info"><div class="box__element-info"><div class="element-info-qty"><button aria-describedby="itemCard_title_2519319923" class="sprite__smilefresh--before element-info-qty-minus" aria-disabled="true"><span class="for-a11y">상품 수 <!-- -->1<!-- --> 감소</span></button><span class="element-info-item-qty" aria-describedby="itemCard_title_2519319923"><span class="for-a11y">선택된 수량</span> <!-- -->1</span><button aria-describedby="itemCard_title_2519319923" class="sprite__smilefresh--before element-info-qty-plus"><span class="for-a11y">상품 수 <!-- -->1<!-- --> 증가</span></button></div><button type="button" class="sprite__smilefresh--before element-info-cart" aria-describedby="itemCard_title_2519319923"><span class="for-a11y">장바구니 담기</span></button></div><a href="https://item.gmarket.co.kr/Item?goodscode=2519319923" class="link__itemcard-info"><span class="box__itemcard-title-area" id="itemCard_title_2519319923"><span class="text__brand"><span class="text">황성주두유</span></span><span class="text__title" id="item_title">이롬 황성주 국산콩 검은콩 두유 190ml20</span></span><span class="box__itemcard-price-area"><span class="box__price-seller"><span class="for-a11y">판매가</span><strong class="text__price-seller">9,880</strong><span class="text__unit">원</span></span><span class="box__prime-cost"><span class="for-a11y">원가</span><span class="text__unit-cost">(<!-- -->100mL당 260원<!-- -->)</span></span></span><span class="box__itemcard-info-score"><span class="sprite__smilefresh--before box__score-awards"><span class="for-a11y">평점</span><span class="text text__score">4.8</span><span class="for-a11y">후기</span><span class="text text__num">(1,432)</span><span class="for-a11y">건</span></span><span class="box__score-buycnt"><span class="text text__buy">구매</span><span class="text text__num">5,072</span><span class="for-a11y">건</span></span></span><span class="box__itemcard-benefit-tag"><span class="box__tag box__tag-coupon"><span class="sprite__smilefresh--before box__inner">15% 쿠폰</span></span></span></a><button type="button" class="sprite__smilefresh--after button__favorite-item" aria-describedby="itemCard_title_2519319923" aria-pressed="false" aria-label="관심상품 등록하기"></button></div></div></div></div></li><li class="list-item"><div class="box__itemcard-container"><div class="box__itemcard-body"><div class="box__itemcard-inner"><a class="link__itemcard" href="https://item.gmarket.co.kr/Item?goodscode=2519608375" tabindex="-1" aria-hidden="true"><span class="box__itemcard-img"><img class="image__itemcard no-js-400?ver=1725101041" src="data:image/gif;base64,R0lGODlhAQABAIAAAP///wAAACH5BAEAAAAALAAAAAABAAEAAAICRAEAOw==" alt="매일 바이오 드링킹 플레인 750ml2 - 상품 이미지"/><noscript><style>.no-js-400?ver=1725101041 { display: none !important; }</style><img class="image__itemcard" src="https://gdimg.gmarket.co.kr/2519608375/still/400?ver=1725101041" alt="매일 바이오 드링킹 플레인 750ml2 - 상품 이미지"/></noscript></span></a><div class="box__itemcard-info"><div class="box__element-info"><div class="element-info-qty"><button aria-describedby="itemCard_title_2519608375" class="sprite__smilefresh--before element-info-qty-minus" aria-disabled="true"><span class="for-a11y">상품 수 <!-- -->1<!-- --> 감소</span></button><span class="element-info-item-qty" aria-describedby="itemCard_title_2519608375"><span class="for-a11y">선택된 수량</span> <!-- -->1</span><button aria-describedby="itemCard_title_2519608375" class="sprite__smilefresh--before element-info-qty-plus"><span class="for-a11y">상품 수 <!-- -->1<!-- --> 증가</span></button></div><button type="button" class="sprite__smilefresh--before element-info-cart" aria-describedby="itemCard_title_2519608375"><span class="for-a11y">장바구니 담기</span></button></div><a href="https://item.gmarket.co.kr/Item?goodscode=2519608375" class="link__itemcard-info"><span class="box__itemcard-title-area" id="itemCard_title_2519608375"><span class="text__brand"><span class="text">매일유업</span></span><span class="text__title" id="item_title">매일 바이오 드링킹 플레인 750ml2</span></span><span class="box__itemcard-price-area"><span class="box__price-seller"><span class="for-a11y">판매가</span><strong class="text__price-seller">4,980</strong><span class="text__unit">원</span></span><span class="box__prime-cost"><span class="for-a11y">원가</span><span class="text__unit-cost">(<!-- -->10mL당 33원<!-- -->)</span></span></span><span class="box__itemcard-info-score"><span class="sprite__smilefresh--before box__score-awards"><span class="for-a11y">평점</span><span class="text text__score">4.6</span><span class="for-a11y">후기</span><span class="text text__num">(1,052)</span><span class="for-a11y">건</span></span><span class="box__score-buycnt"><span class="text text__buy">구매</span><span class="text text__num">2,876</span><span class="for-a11y">건</span></span></span><span class="box__itemcard-benefit-tag"><span class="box__tag box__tag-coupon"><span class="sprite__smilefresh--before box__inner">15% 쿠폰</span></span></span></a><button type="button" class="sprite__smilefresh--after button__favorite-item" aria-describedby="itemCard_title_2519608375" aria-pressed="false" aria-label="관심상품 등록하기"></button></div></div></div></div></li><li class="list-item"><div class="box__itemcard-container"><div class="box__itemcard-body"><div class="box__itemcard-inner"><a class="link__itemcard" href="https://item.gmarket.co.kr/Item?goodscode=2884833833" tabindex="-1" aria-hidden="true"><span class="box__itemcard-img"><img class="image__itemcard no-js-400?ver=1725131191" src="data:image/gif;base64,R0lGODlhAQABAIAAAP///wAAACH5BAEAAAAALAAAAAABAAEAAAICRAEAOw==" alt="앱솔루트 명작 2입기획 2단계 - 상품 이미지"/><noscript><style>.no-js-400?ver=1725131191 { display: none !important; }</style><img class="image__itemcard" src="https://gdimg.gmarket.co.kr/2884833833/still/400?ver=1725131191" alt="앱솔루트 명작 2입기획 2단계 - 상품 이미지"/></noscript></span></a><div class="box__itemcard-info"><div class="box__element-info"><div class="element-info-qty"><button aria-describedby="itemCard_title_2884833833" class="sprite__smilefresh--before element-info-qty-minus" aria-disabled="true"><span class="for-a11y">상품 수 <!-- -->1<!-- --> 감소</span></button><span class="element-info-item-qty" aria-describedby="itemCard_title_2884833833"><span class="for-a11y">선택된 수량</span> <!-- -->1</span><button aria-describedby="itemCard_title_2884833833" class="sprite__smilefresh--before element-info-qty-plus"><span class="for-a11y">상품 수 <!-- -->1<!-- --> 증가</span></button></div><button type="button" class="sprite__smilefresh--before element-info-cart" aria-describedby="itemCard_title_2884833833"><span class="for-a11y">장바구니 담기</span></button></div><a href="https://item.gmarket.co.kr/Item?goodscode=2884833833" class="link__itemcard-info"><span class="box__itemcard-title-area" id="itemCard_title_2884833833"><span class="text__brand"><span class="text">매일유업</span></span><span class="text__title" id="item_title">앱솔루트 명작 2입기획 2단계</span></span><span class="box__itemcard-price-area"><span class="box__price-seller"><span class="for-a11y">판매가</span><strong class="text__price-seller">39,800</strong><span class="text__unit">원</span></span><span class="box__prime-cost"><span class="for-a11y">원가</span><span class="text__unit-cost">(<!-- -->100g당 2,488원<!-- -->)</span></span></span><span class="box__itemcard-info-score"><span class="sprite__smilefresh--before box__score-awards"><span class="for-a11y">평점</span><span class="text text__score">4.9</span><span class="for-a11y">후기</span><span class="text text__num">(365)</span><span class="for-a11y">건</span></span><span class="box__score-buycnt"><span class="text text__buy">구매</span><span class="text text__num">2,503</span><span class="for-a11y">건</span></span></span></a><button type="button" class="sprite__smilefresh--after button__favorite-item" aria-describedby="itemCard_title_2884833833" aria-pressed="false" aria-label="관심상품 등록하기"></button></div></div></div></div></li><li class="list-item"><div class="box__itemcard-container"><div class="box__itemcard-body"><div class="box__itemcard-inner"><a class="link__itemcard" href="https://item.gmarket.co.kr/Item?goodscode=2518939306" tabindex="-1" aria-hidden="true"><span class="box__itemcard-img"><img class="image__itemcard no-js-400?ver=1725428805" src="data:image/gif;base64,R0lGODlhAQABAIAAAP///wAAACH5BAEAAAAALAAAAAABAAEAAAICRAEAOw==" alt="서울우유 프레시 버터 80g3입(해동) - 상품 이미지"/><noscript><style>.no-js-400?ver=1725428805 { display: none !important; }</style><img class="image__itemcard" src="https://gdimg.gmarket.co.kr/2518939306/still/400?ver=1725428805" alt="서울우유 프레시 버터 80g3입(해동) - 상품 이미지"/></noscript></span></a><div class="box__itemcard-info"><div class="box__element-info"><div class="element-info-qty"><button aria-describedby="itemCard_title_2518939306" class="sprite__smilefresh--before element-info-qty-minus" aria-disabled="true"><span class="for-a11y">상품 수 <!-- -->1<!-- --> 감소</span></button><span class="element-info-item-qty" aria-describedby="itemCard_title_2518939306"><span class="for-a11y">선택된 수량</span> <!-- -->1</span><button aria-describedby="itemCard_title_2518939306" class="sprite__smilefresh--before element-info-qty-plus"><span class="for-a11y">상품 수 <!-- -->1<!-- --> 증가</span></button></div><button type="button" class="sprite__smilefresh--before element-info-cart" aria-describedby="itemCard_title_2518939306"><span class="for-a11y">장바구니 담기</span></button></div><a href="https://item.gmarket.co.kr/Item?goodscode=2518939306" class="link__itemcard-info"><span class="box__itemcard-title-area" id="itemCard_title_2518939306"><span class="text__brand"><span class="text">서울우유</span></span><span class="text__title" id="item_title">서울우유 프레시 버터 80g3입(해동)</span></span><span class="box__itemcard-price-area"><span class="box__price-seller"><span class="for-a11y">판매가</span><strong class="text__price-seller">6,600</strong><span class="text__unit">원</span></span><span class="box__prime-cost"><span class="for-a11y">원가</span><span class="text__unit-cost">(<!-- -->100g당 2,750원<!-- -->)</span></span></span><span class="box__itemcard-info-score"><span class="sprite__smilefresh--before box__score-awards"><span class="for-a11y">평점</span><span class="text text__score">4.7</span><span class="for-a11y">후기</span><span class="text text__num">(1,532)</span><span class="for-a11y">건</span></span><span class="box__score-buycnt"><span class="text text__buy">구매</span><span class="text text__num">4,050</span><span class="for-a11y">건</span></span></span><span class="box__itemcard-benefit-tag"><span class="box__tag box__tag-coupon"><span class="sprite__smilefresh--before box__inner">15% 쿠폰</span></span></span></a><button type="button" class="sprite__smilefresh--after button__favorite-item" aria-describedby="itemCard_title_2518939306" aria-pressed="false" aria-label="관심상품 등록하기"></button></div></div></div></div></li><li class="list-item"><div class="box__itemcard-container"><div class="box__itemcard-body"><div class="box__itemcard-inner"><a class="link__itemcard" href="https://item.gmarket.co.kr/Item?goodscode=2518975436" tabindex="-1" aria-hidden="true"><span class="box__itemcard-img"><img class="image__itemcard no-js-400?ver=1725116771" src="data:image/gif;base64,R0lGODlhAQABAIAAAP///wAAACH5BAEAAAAALAAAAAABAAEAAAICRAEAOw==" alt="서울우유 커피포리 200ml 4입 - 상품 이미지"/><noscript><style>.no-js-400?ver=1725116771 { display: none !important; }</style><img class="image__itemcard" src="https://gdimg.gmarket.co.kr/2518975436/still/400?ver=1725116771" alt="서울우유 커피포리 200ml 4입 - 상품 이미지"/></noscript></span></a><div class="box__itemcard-info"><div class="box__element-info"><div class="element-info-qty"><button aria-describedby="itemCard_title_2518975436" class="sprite__smilefresh--before element-info-qty-minus" aria-disabled="true"><span class="for-a11y">상품 수 <!-- -->1<!-- --> 감소</span></button><span class="element-info-item-qty" aria-describedby="itemCard_title_2518975436"><span class="for-a11y">선택된 수량</span> <!-- -->1</span><button aria-describedby="itemCard_title_2518975436" class="sprite__smilefresh--before element-info-qty-plus"><span class="for-a11y">상품 수 <!-- -->1<!-- --> 증가</span></button></div><button type="button" class="sprite__smilefresh--before element-info-cart" aria-describedby="itemCard_title_2518975436"><span class="for-a11y">장바구니 담기</span></button></div><a href="https://item.gmarket.co.kr/Item?goodscode=2518975436" class="link__itemcard-info"><span class="box__itemcard-title-area" id="itemCard_title_2518975436"><span class="text__brand"><span class="text">서울우유</span></span><span class="text__title" id="item_title">서울우유 커피포리 200ml 4입</span></span><span class="box__itemcard-price-area"><span class="box__price-seller"><span class="for-a11y">판매가</span><strong class="text__price-seller">4,260</strong><span class="text__unit">원</span></span><span class="box__prime-cost"><span class="for-a11y">원가</span><span class="text__unit-cost">(<!-- -->100mL당 533원<!-- -->)</span></span></span><span class="box__itemcard-info-score"><span class="sprite__smilefresh--before box__score-awards"><span class="for-a11y">평점</span><span class="text text__score">4.8</span><span class="for-a11y">후기</span><span class="text text__num">(4,278)</span><span class="for-a11y">건</span></span><span class="box__score-buycnt"><span class="text text__buy">구매</span><span class="text text__num">20,073</span><span class="for-a11y">건</span></span></span><span class="box__itemcard-benefit-tag"><span class="box__tag box__tag-coupon"><span class="sprite__smilefresh--before box__inner">15% 쿠폰</span></span></span></a><button type="button" class="sprite__smilefresh--after button__favorite-item" aria-describedby="itemCard_title_2518975436" aria-pressed="false" aria-label="관심상품 등록하기"></button></div></div></div></div></li><li class="list-item"><div class="box__itemcard-container"><div class="box__itemcard-body"><div class="box__itemcard-inner"><span class="box__thumbnail__label">2개 사면 할인</span><a class="link__itemcard" href="https://item.gmarket.co.kr/Item?goodscode=2670671386" tabindex="-1" aria-hidden="true"><span class="box__itemcard-img"><img class="image__itemcard no-js-400?ver=1725128498" src="data:image/gif;base64,R0lGODlhAQABAIAAAP///wAAACH5BAEAAAAALAAAAAABAAEAAAICRAEAOw==" alt="덴마크 드링킹요구르트 플레인 275ml - 상품 이미지"/><noscript><style>.no-js-400?ver=1725128498 { display: none !important; }</style><img class="image__itemcard" src="https://gdimg.gmarket.co.kr/2670671386/still/400?ver=1725128498" alt="덴마크 드링킹요구르트 플레인 275ml - 상품 이미지"/></noscript></span></a><div class="box__itemcard-info"><div class="box__element-info"><div class="element-info-qty"><button aria-describedby="itemCard_title_2670671386" class="sprite__smilefresh--before element-info-qty-minus" aria-disabled="true"><span class="for-a11y">상품 수 <!-- -->1<!-- --> 감소</span></button><span class="element-info-item-qty" aria-describedby="itemCard_title_2670671386"><span class="for-a11y">선택된 수량</span> <!-- -->1</span><button aria-describedby="itemCard_title_2670671386" class="sprite__smilefresh--before element-info-qty-plus"><span class="for-a11y">상품 수 <!-- -->1<!-- --> 증가</span></button></div><button type="button" class="sprite__smilefresh--before element-info-cart" aria-describedby="itemCard_title_2670671386"><span class="for-a11y">장바구니 담기</span></button></div><a href="https://item.gmarket.co.kr/Item?goodscode=2670671386" class="link__itemcard-info"><span class="box__itemcard-title-area" id="itemCard_title_2670671386"><span class="text__brand"><span class="text">동원</span></span><span class="text__title" id="item_title">덴마크 드링킹요구르트 플레인 275ml</span></span><span class="box__itemcard-price-area"><span class="box__price-seller"><span class="for-a11y">판매가</span><strong class="text__price-seller">2,080</strong><span class="text__unit">원</span></span><span class="box__prime-cost"><span class="for-a11y">원가</span><span class="text__unit-cost">(<!-- -->10mL당 76원<!-- -->)</span></span></span><span class="box__itemcard-info-score"><span class="sprite__smilefresh--before box__score-awards"><span class="for-a11y">평점</span><span class="text text__score">4.7</span><span class="for-a11y">후기</span><span class="text text__num">(2,386)</span><span class="for-a11y">건</span></span><span class="box__score-buycnt"><span class="text text__buy">구매</span><span class="text text__num">14,001</span><span class="for-a11y">건</span></span></span><span class="box__itemcard-benefit-tag"><span class="box__tag box__tag-coupon"><span class="sprite__smilefresh--before box__inner">15% 쿠폰</span></span></span></a><button type="button" class="sprite__smilefresh--after button__favorite-item" aria-describedby="itemCard_title_2670671386" aria-pressed="false" aria-label="관심상품 등록하기"></button></div></div></div></div></li><li class="list-item"><div class="box__itemcard-container"><div class="box__itemcard-body"><div class="box__itemcard-inner"><a class="link__itemcard" href="https://item.gmarket.co.kr/Item?goodscode=2522779896" tabindex="-1" aria-hidden="true"><span class="box__itemcard-img"><img class="image__itemcard no-js-400?ver=1725104583" src="data:image/gif;base64,R0lGODlhAQABAIAAAP///wAAACH5BAEAAAAALAAAAAABAAEAAAICRAEAOw==" alt="매일우유 저지방 1% 멸균(200mL X 24입) - 상품 이미지"/><noscript><style>.no-js-400?ver=1725104583 { display: none !important; }</style><img class="image__itemcard" src="https://gdimg.gmarket.co.kr/2522779896/still/400?ver=1725104583" alt="매일우유 저지방 1% 멸균(200mL X 24입) - 상품 이미지"/></noscript></span></a><div class="box__itemcard-info"><div class="box__element-info"><div class="element-info-qty"><button aria-describedby="itemCard_title_2522779896" class="sprite__smilefresh--before element-info-qty-minus" aria-disabled="true"><span class="for-a11y">상품 수 <!-- -->1<!-- --> 감소</span></button><span class="element-info-item-qty" aria-describedby="itemCard_title_2522779896"><span class="for-a11y">선택된 수량</span> <!-- -->1</span><button aria-describedby="itemCard_title_2522779896" class="sprite__smilefresh--before element-info-qty-plus"><span class="for-a11y">상품 수 <!-- -->1<!-- --> 증가</span></button></div><button type="button" class="sprite__smilefresh--before element-info-cart" aria-describedby="itemCard_title_2522779896"><span class="for-a11y">장바구니 담기</span></button></div><a href="https://item.gmarket.co.kr/Item?goodscode=2522779896" class="link__itemcard-info"><span class="box__itemcard-title-area" id="itemCard_title_2522779896"><span class="text__brand"><span class="text">매일유업</span></span><span class="text__title" id="item_title">매일우유 저지방 1% 멸균(200mL X 24입)</span></span><span class="box__itemcard-price-area"><span class="box__price-seller"><span class="for-a11y">판매가</span><strong class="text__price-seller">17,800</strong><span class="text__unit">원</span></span><span class="box__prime-cost"><span class="for-a11y">원가</span><span class="text__unit-cost">(<!-- -->100mL당 371원<!-- -->)</span></span></span><span class="box__itemcard-info-score"><span class="sprite__smilefresh--before box__score-awards"><span class="for-a11y">평점</span><span class="text text__score">4.8</span><span class="for-a11y">후기</span><span class="text text__num">(938)</span><span class="for-a11y">건</span></span><span class="box__score-buycnt"><span class="text text__buy">구매</span><span class="text text__num">2,842</span><span class="for-a11y">건</span></span></span><span class="box__itemcard-benefit-tag"><span class="box__tag box__tag-coupon"><span class="sprite__smilefresh--before box__inner">15% 쿠폰</span></span></span></a><button type="button" class="sprite__smilefresh--after button__favorite-item" aria-describedby="itemCard_title_2522779896" aria-pressed="false" aria-label="관심상품 등록하기"></button></div></div></div></div></li><li class="list-item"><div class="box__itemcard-container"><div class="box__itemcard-body"><div class="box__itemcard-inner"><a class="link__itemcard" href="https://item.gmarket.co.kr/Item?goodscode=2518881939" tabindex="-1" aria-hidden="true"><span class="box__itemcard-img"><img class="image__itemcard no-js-400?ver=1725113725" src="data:image/gif;base64,R0lGODlhAQABAIAAAP///wAAACH5BAEAAAAALAAAAAABAAEAAAICRAEAOw==" alt="hy 혈행케어 쿠퍼스 140ml4 - 상품 이미지"/><noscript><style>.no-js-400?ver=1725113725 { display: none !important; }</style><img class="image__itemcard" src="https://gdimg.gmarket.co.kr/2518881939/still/400?ver=1725113725" alt="hy 혈행케어 쿠퍼스 140ml4 - 상품 이미지"/></noscript></span></a><div class="box__itemcard-info"><div class="box__element-info"><div class="element-info-qty"><button aria-describedby="itemCard_title_2518881939" class="sprite__smilefresh--before element-info-qty-minus" aria-disabled="true"><span class="for-a11y">상품 수 <!-- -->1<!-- --> 감소</span></button><span class="element-info-item-qty" aria-describedby="itemCard_title_2518881939"><span class="for-a11y">선택된 수량</span> <!-- -->1</span><button aria-describedby="itemCard_title_2518881939" class="sprite__smilefresh--before element-info-qty-plus"><span class="for-a11y">상품 수 <!-- -->1<!-- --> 증가</span></button></div><button type="button" class="sprite__smilefresh--before element-info-cart" aria-describedby="itemCard_title_2518881939"><span class="for-a11y">장바구니 담기</span></button></div><a href="https://item.gmarket.co.kr/Item?goodscode=2518881939" class="link__itemcard-info"><span class="box__itemcard-title-area" id="itemCard_title_2518881939"><span class="text__brand"><span class="text">에치와이</span></span><span class="text__title" id="item_title">hy 혈행케어 쿠퍼스 140ml4</span></span><span class="box__itemcard-price-area"><span class="box__price-seller"><span class="for-a11y">판매가</span><strong class="text__price-seller">10,800</strong><span class="text__unit">원</span></span><span class="box__prime-cost"><span class="for-a11y">원가</span><span class="text__unit-cost">(<!-- -->10mL당 193원<!-- -->)</span></span></span><span class="box__itemcard-info-score"><span class="sprite__smilefresh--before box__score-awards"><span class="for-a11y">평점</span><span class="text text__score">4.8</span><span class="for-a11y">후기</span><span class="text text__num">(711)</span><span class="for-a11y">건</span></span><span class="box__score-buycnt"><span class="text text__buy">구매</span><span class="text text__num">2,600</span><span class="for-a11y">건</span></span></span><span class="box__itemcard-benefit-tag"><span class="box__tag box__tag-coupon"><span class="sprite__smilefresh--before box__inner">15% 쿠폰</span></span></span></a><button type="button" class="sprite__smilefresh--after button__favorite-item" aria-describedby="itemCard_title_2518881939" aria-pressed="false" aria-label="관심상품 등록하기"></button></div></div></div></div></li></ul></div></div><div class="box__pagination" role="region" aria-label="페이지 이동"><button type="button" class="sprite__smilefresh--before button__previous button__page" disabled=""><span class="icon__arrow"></span><span class="for-a11y">이전 페이지로 이동합니다.</span></button><button class="link__page_number active" aria-current="page">1</button><button type="button" class="link__page_number">2</button><button type="button" class="link__page_number">3</button><button type="button" class="link__page_number">4</button><button type="button" class="link__page_number">5</button><button type="button" class="link__page_number">6</button><button type="button" class="link__page_number">7</button><button type="button" class="link__page_number">8</button><button type="button" class="link__page_number">9</button><button type="button" class="link__page_number">10</button><button type="button" class="sprite__smilefresh--before button__next button__page"><span class="icon__arrow"></span><span class="for-a11y">다음 페이지로 이동합니다.</span></button></div></div></div></div></div></div><div style="min-height:455px"></div><script src="https://script.gmarket.co.kr/mobile/js/common/kr/util/viewability.js"></script><script src="https://script.gmarket.co.kr/js/common/ats_gmkt.js"></script><script src="https://script.gmarket.co.kr/fnp/desktop-layout.js"></script></div><script id="__NEXT_DATA__" type="application/json">{"props":{"pageProps":{"serverData":{"user":{"isSmileClub":false,"hashedCguid":"MuRNNYHW7OuOgugtwPK0Jz7HajIwK5FDq7zFzNnlMPY="},"itemPage":{"error":false,"searchFilter":{"sortOrderby":0,"userAddressInfo":{"address":"로그인을 진행해 주세요","addressExposeType":"LoginRequired","nonDeliveryArea":false},"smileFreshDeliveryGuide":{"deliveryStoreType":"NoneDelivery"},"categories":{"selectedCondition":{"name":"c","value":"100001009","label":"우유/유제품/유아식","nodeType":"root","depth":0},"selectedConditionType":"root","currentConditions":{"rootNode":[{"name":"c","value":"100001009","label":"우유/유제품/유아식","nodeType":"root","depth":0}],"node":[{"name":"c","value":"200000006","label":"우유","nodeType":"depth1","depth":1},{"name":"c","value":"200000051","label":"요거트/요구르트","nodeType":"depth1","depth":1},{"name":"c","value":"200000052","label":"두유","nodeType":"depth1","depth":1},{"name":"c","value":"200000053","label":"치즈","nodeType":"depth1","depth":1},{"name":"c","value":"200000054","label":"버터/생크림/연유","nodeType":"depth1","depth":1},{"name":"c","value":"200000055","label":"분유","nodeType":"depth1","depth":1},{"name":"c","value":"200000056","label":"이유식","nodeType":"depth1","depth":1},{"name":"c","value":"200000057","label":"유아간식/음료","nodeType":"depth1","depth":1}]},"backButtonConditions":[]},"sdBrands":[{"name":"b","value":35928,"label":"매일유업"},{"name":"b","value":22236,"label":"남양"},{"name":"b","value":22865,"label":"서울우유"},{"name":"b","value":26874,"label":"동원"},{"name":"b","value":26015,"label":"피코크"},{"name":"b","value":25715,"label":"베지밀"},{"name":"b","value":31170,"label":"노브랜드"},{"name":"b","value":20207,"label":"다논"},{"name":"b","value":21363,"label":"일동후디스"},{"name":"b","value":22622,"label":"파스퇴르"},{"name":"b","value":20689,"label":"빙그레"},{"name":"b","value":26111,"label":"에치와이"},{"name":"b","value":29585,"label":"삼육"},{"name":"b","value":94435,"label":"미식관"},{"name":"b","value":20913,"label":"아이배냇"},{"name":"b","value":34535,"label":"황성주두유"},{"name":"b","value":28272,"label":"크래프트"},{"name":"b","value":42285,"label":"롯데칠성"},{"name":"b","value":22813,"label":"베베쿡"},{"name":"b","value":67322,"label":"베베스트"},{"name":"b","value":85236,"label":"BOCCONE"},{"name":"b","value":71690,"label":"쁘띠구르망"},{"name":"b","value":68031,"label":"안티코"},{"name":"b","value":78222,"label":"런"},{"name":"b","value":71676,"label":"그랑도르"},{"name":"b","value":71892,"label":"캘리포니아셀렉트팜"},{"name":"b","value":47151,"label":"맛있는풍경"},{"name":"b","value":78416,"label":"알펜하인"},{"name":"b","value":82029,"label":"파오리"},{"name":"b","value":48164,"label":"오가닉스토리"}],"sortOptions":["Popularity","PriceAsc","PriceDesc","NewItemDesc","ReviewCountDesc","HomeShoppingRank"],"promotionGroups":[],"discountBenefits":[],"isBigSmileFilterAvailable":false,"isFilterDisabled":false,"paymentBenefits":[],"filterPreset":{"keywordInfo":{"name":"keyword","label":"결과 내 재검색","prefixKey":"k","isShow":true,"hasData":true},"categoryInfo":{"name":"category","label":"카테고리","prefixKey":"c","isShow":true,"hasData":true},"brandInfo":{"name":"brand","label":"브랜드","prefixKey":"b","isShow":true,"hasData":true},"priceInfo":{"name":"price","label":"가격대","prefixKey":"p","isShow":true,"hasData":true},"paymentBenefitInfo":{"name":"paymentBenefit","label":"결제ㆍ혜택","prefixKey":"pb","isShow":true,"hasData":false}},"isItemResultEmpty":false},"searchContent":{"sortOrderby":0,"pageNo":1,"pageSize":60,"totalResultCount":849,"banners":[],"bannerCount":0,"itemCount":60,"items":[{"itemNo":"2522869044","itemName":"노브랜드 굿모닝 굿밀크 1L","itemUrl":"https://item.gmarket.co.kr/Item?goodscode=2522869044","imageUrl":"//gdimg.gmarket.co.kr/2522869044/still/400?ver=1725118850","sdBrandName":"노브랜드","itemPrice":1890,"buyCount":426482,"reviewPoint":{"starPoint":4.76,"reviewCount":59111},"isBigSmileItem":false,"isSoldOut":false,"cardDiscount":{"discountRate":0},"sellerInfo":{"sellCustNo":"155104283","sellLoginId":"emartmall2","nickname":"이마트몰쓱배송","isLmoOfficialSeller":false,"isFashionSquareSeller":false,"isBrandOfficialSeller":false},"hasOption":false,"isAdult":false,"isCartVisible":true,"discountRate":0,"sellPrice":1890,"tagLabels":[],"buyUnitCount":1,"deliveryCode":"M","unitPrice":{"unit":100,"unitName":"mL","price":189},"rank":1,"lcode":"100000094","mcode":"200002376","scode":"300021921"},{"itemNo":"2518646310","itemName":"피코크 에이 클래스 우유 2.3L (1A등급)","itemUrl":"https://item.gmarket.co.kr/Item?goodscode=2518646310","imageUrl":"//gdimg.gmarket.co.kr/2518646310/still/400?ver=1725109406","sdBrandName":"피코크","itemPrice":5980,"buyCount":75795,"reviewPoint":{"starPoint":4.74,"reviewCount":21190},"isBigSmileItem":false,"isSoldOut":false,"couponDiscount":{"discountType":"R","discountPrice":"0","discountRate":"15"},"cardDiscount":{"discountRate":0},"sellerInfo":{"sellCustNo":"155104283","sellLoginId":"emartmall2","nickname":"이마트몰쓱배송","isLmoOfficialSeller":false,"isFashionSquareSeller":false,"isBrandOfficialSeller":false},"hasOption":false,"isAdult":false,"isCartVisible":true,"discountRate":0,"sellPrice":5980,"tagLabels":[],"buyUnitCount":1,"deliveryCode":"M","unitPrice":{"unit":100,"unitName":"mL","price":260},"rank":2,"lcode":"100000094","mcode":"200002376","scode":"300021921"},{"itemNo":"2518645485","itemName":"피코크 에이 클래스 우유 900ml (1A등급)","itemUrl":"https://item.gmarket.co.kr/Item?goodscode=2518645485","imageUrl":"//gdimg.gmarket.co.kr/2518645485/still/400?ver=1725109413","sdBrandName":"피코크","itemPrice":2380,"buyCount":101651,"reviewPoint":{"starPoint":4.77,"reviewCount":18373},"isBigSmileItem":false,"isSoldOut":false,"couponDiscount":{"discountType":"R","discountPrice":"0","discountRate":"15"},"cardDiscount":{"discountRate":0},"sellerInfo":{"sellCustNo":"155104283","sellLoginId":"emartmall2","nickname":"이마트몰쓱배송","isLmoOfficialSeller":false,"isFashionSquareSeller":false,"isBrandOfficialSeller":false},"hasOption":false,"isAdult":false,"isCartVisible":true,"discountRate":0,"sellPrice":2380,"tagLabels":[],"buyUnitCount":1,"deliveryCode":"M","unitPrice":{"unit":100,"unitName":"mL","price":264},"rank":3,"lcode":"100000094","mcode":"200002376","scode":"300021921"},{"itemNo":"2518735157","itemName":"서울우유 저지방 우유 (1L2개)","itemUrl":"https://item.gmarket.co.kr/Item?goodscode=2518735157","imageUrl":"//gdimg.gmarket.co.kr/2518735157/still/400?ver=1725091978","sdBrandName":"서울우유","itemPrice":5480,"buyCount":37103,"reviewPoint":{"starPoint":4.71,"reviewCount":12032},"isBigSmileItem":false,"isSoldOut":false,"couponDiscount":{"discountType":"R","discountPrice":"0","discountRate":"15"},"cardDiscount":{"discountRate":0},"sellerInfo":{"sellCustNo":"155104283","sellLoginId":"emartmall2","nickname":"이마트몰쓱배송","isLmoOfficialSeller":false,"isFashionSquareSeller":false,"isBrandOfficialSeller":false},"hasOption":false,"isAdult":false,"isCartVisible":true,"discountRate":0,"sellPrice":5480,"tagLabels":[],"buyUnitCount":1,"deliveryCode":"M","unitPrice":{"unit":100,"unitName":"mL","price":274},"rank":4,"lcode":"100000094","mcode":"200002376","scode":"300021921"},{"itemNo":"2518939128","itemName":"남양 맛있는 우유 GT 900ml2","itemUrl":"https://item.gmarket.co.kr/Item?goodscode=2518939128","imageUrl":"//gdimg.gmarket.co.kr/2518939128/still/400?ver=1725091844","sdBrandName":"남양","itemPrice":5480,"buyCount":23338,"reviewPoint":{"starPoint":4.8,"reviewCount":6537},"isBigSmileItem":false,"isSoldOut":false,"couponDiscount":{"discountType":"R","discountPrice":"0","discountRate":"15"},"cardDiscount":{"discountRate":0},"sellerInfo":{"sellCustNo":"155104283","sellLoginId":"emartmall2","nickname":"이마트몰쓱배송","isLmoOfficialSeller":false,"isFashionSquareSeller":false,"isBrandOfficialSeller":false},"hasOption":false,"isAdult":false,"isCartVisible":true,"discountRate":0,"sellPrice":5480,"tagLabels":[],"buyUnitCount":1,"deliveryCode":"M","unitPrice":{"unit":100,"unitName":"mL","price":304},"rank":5,"lcode":"100000094","mcode":"200002376","scode":"300021921"},{"itemNo":"2695176446","itemName":"매일 그릭요거트 무가당 플레인 400g2","itemUrl":"https://item.gmarket.co.kr/Item?goodscode=2695176446","imageUrl":"//gdimg.gmarket.co.kr/2695176446/still/400?ver=1725126514","sdBrandName":"매일유업","itemPrice":7480,"buyCount":12598,"reviewPoint":{"starPoint":4.74,"reviewCount":5026},"isBigSmileItem":false,"isSoldOut":false,"couponDiscount":{"discountType":"R","discountPrice":"0","discountRate":"15"},"cardDiscount":{"discountRate":0},"sellerInfo":{"sellCustNo":"155104283","sellLoginId":"emartmall2","nickname":"이마트몰쓱배송","isLmoOfficialSeller":false,"isFashionSquareSeller":false,"isBrandOfficialSeller":false},"hasOption":false,"isAdult":false,"isCartVisible":true,"discountRate":0,"sellPrice":7480,"tagLabels":[],"buyUnitCount":1,"deliveryCode":"M","rank":6,"lcode":"100000094","mcode":"200002376","scode":"300008255"},{"itemNo":"2518442234","itemName":"서울우유 서울우유 1000ml 나100%","itemUrl":"https://item.gmarket.co.kr/Item?goodscode=2518442234","imageUrl":"//gdimg.gmarket.co.kr/2518442234/still/400?ver=1725088537","sdBrandName":"서울우유","itemPrice":2960,"buyCount":56504,"reviewPoint":{"starPoint":4.77,"reviewCount":13281},"isBigSmileItem":false,"isSoldOut":false,"couponDiscount":{"discountType":"R","discountPrice":"0","discountRate":"15"},"cardDiscount":{"discountRate":0},"sellerInfo":{"sellCustNo":"155104283","sellLoginId":"emartmall2","nickname":"이마트몰쓱배송","isLmoOfficialSeller":false,"isFashionSquareSeller":false,"isBrandOfficialSeller":false},"hasOption":false,"isAdult":false,"isCartVisible":true,"discountRate":0,"sellPrice":2960,"tagLabels":[],"buyUnitCount":1,"deliveryCode":"M","unitPrice":{"unit":100,"unitName":"mL","price":296},"rank":7,"lcode":"100000094","mcode":"200002376","scode":"300021921"},{"itemNo":"2537364045","itemName":"한국야쿠르트 윌 오리지날 150mlX5개","itemUrl":"https://item.gmarket.co.kr/Item?goodscode=2537364045","imageUrl":"//gdimg.gmarket.co.kr/2537364045/still/400?ver=1725091706","sdBrandName":"에치와이","itemPrice":8000,"buyCount":49879,"reviewPoint":{"starPoint":4.74,"reviewCount":11851},"isBigSmileItem":false,"isSoldOut":false,"couponDiscount":{"discountType":"R","discountPrice":"0","discountRate":"15"},"cardDiscount":{"discountRate":0},"sellerInfo":{"sellCustNo":"155104283","sellLoginId":"emartmall2","nickname":"이마트몰쓱배송","isLmoOfficialSeller":false,"isFashionSquareSeller":false,"isBrandOfficialSeller":false},"hasOption":false,"isAdult":false,"isCartVisible":true,"discountRate":0,"sellPrice":8000,"tagLabels":[],"buyUnitCount":1,"deliveryCode":"M","unitPrice":{"unit":10,"unitName":"mL","price":107},"rank":8,"lcode":"100000094","mcode":"200002376","scode":"300008255"},{"itemNo":"2884834500","itemName":"앱솔루트 명작 2입기획 1단계","itemUrl":"https://item.gmarket.co.kr/Item?goodscode=2884834500","imageUrl":"//gdimg.gmarket.co.kr/2884834500/still/400?ver=1725131360","sdBrandName":"매일유업","itemPrice":44400,"buyCount":2105,"reviewPoint":{"starPoint":4.83,"reviewCount":402},"isBigSmileItem":false,"isSoldOut":false,"cardDiscount":{"discountRate":0},"sellerInfo":{"sellCustNo":"155104283","sellLoginId":"emartmall2","nickname":"이마트몰쓱배송","isLmoOfficialSeller":false,"isFashionSquareSeller":false,"isBrandOfficialSeller":false},"hasOption":false,"isAdult":false,"isCartVisible":true,"discountRate":0,"sellPrice":44400,"tagLabels":[],"buyUnitCount":1,"deliveryCode":"M","unitPrice":{"unit":100,"unitName":"g","price":2775},"rank":9,"lcode":"100000006","mcode":"200002938","scode":"300029026"},{"itemNo":"2522329789","itemName":"매일 우유 오리지널 후레쉬팩 900ML2","itemUrl":"https://item.gmarket.co.kr/Item?goodscode=2522329789","imageUrl":"//gdimg.gmarket.co.kr/2522329789/still/400?ver=1725101281","sdBrandName":"매일유업","itemPrice":5680,"buyCount":16051,"reviewPoint":{"starPoint":4.8,"reviewCount":3882},"isBigSmileItem":false,"isSoldOut":false,"couponDiscount":{"discountType":"R","discountPrice":"0","discountRate":"15"},"cardDiscount":{"discountRate":0},"sellerInfo":{"sellCustNo":"155104283","sellLoginId":"emartmall2","nickname":"이마트몰쓱배송","isLmoOfficialSeller":false,"isFashionSquareSeller":false,"isBrandOfficialSeller":false},"hasOption":false,"isAdult":false,"isCartVisible":true,"discountRate":0,"sellPrice":5680,"tagLabels":[{"code":68,"text":"전단상품","bgColor":"#19C919"}],"buyUnitCount":1,"deliveryCode":"M","unitPrice":{"unit":100,"unitName":"mL","price":316},"rank":10,"lcode":"100000094","mcode":"200002376","scode":"300021921"},{"itemNo":"2518755750","itemName":"서울우유 체다 슬라이스 치즈(270g2개입) 540g","itemUrl":"https://item.gmarket.co.kr/Item?goodscode=2518755750","imageUrl":"//gdimg.gmarket.co.kr/2518755750/still/400?ver=1725091596","sdBrandName":"서울우유","itemPrice":8280,"buyCount":23667,"reviewPoint":{"starPoint":4.77,"reviewCount":8684},"isBigSmileItem":false,"isSoldOut":false,"couponDiscount":{"discountType":"R","discountPrice":"0","discountRate":"15"},"cardDiscount":{"discountRate":0},"sellerInfo":{"sellCustNo":"155104283","sellLoginId":"emartmall2","nickname":"이마트몰쓱배송","isLmoOfficialSeller":false,"isFashionSquareSeller":false,"isBrandOfficialSeller":false},"hasOption":false,"isAdult":false,"isCartVisible":true,"discountRate":0,"sellPrice":8280,"tagLabels":[],"buyUnitCount":1,"deliveryCode":"M","unitPrice":{"unit":10,"unitName":"g","price":153},"rank":11,"lcode":"100000036","mcode":"200001209","scode":"300012424"},{"itemNo":"2522655015","itemName":"노브랜드 1A 우유 900mL","itemUrl":"https://item.gmarket.co.kr/Item?goodscode=2522655015","imageUrl":"//gdimg.gmarket.co.kr/2522655015/still/400?ver=1725104923","sdBrandName":"노브랜드","itemPrice":2260,"buyCount":38675,"reviewPoint":{"starPoint":4.76,"reviewCount":8745},"isBigSmileItem":false,"isSoldOut":false,"cardDiscount":{"discountRate":0},"sellerInfo":{"sellCustNo":"155104283","sellLoginId":"emartmall2","nickname":"이마트몰쓱배송","isLmoOfficialSeller":false,"isFashionSquareSeller":false,"isBrandOfficialSeller":false},"hasOption":false,"isAdult":false,"isCartVisible":true,"discountRate":0,"sellPrice":2260,"tagLabels":[],"buyUnitCount":1,"deliveryCode":"M","unitPrice":{"unit":100,"unitName":"mL","price":251},"rank":12,"lcode":"100000094","mcode":"200002376","scode":"300021921"},{"itemNo":"2519297363","itemName":"피코크 에이클래스 시그니처 그릭요거트 450g","itemUrl":"https://item.gmarket.co.kr/Item?goodscode=2519297363","imageUrl":"//gdimg.gmarket.co.kr/2519297363/still/400?ver=1725123282","sdBrandName":"피코크","itemPrice":4980,"buyCount":25529,"reviewPoint":{"starPoint":4.75,"reviewCount":7295},"isBigSmileItem":false,"isSoldOut":false,"couponDiscount":{"discountType":"R","discountPrice":"0","discountRate":"15"},"cardDiscount":{"discountRate":0},"sellerInfo":{"sellCustNo":"155104283","sellLoginId":"emartmall2","nickname":"이마트몰쓱배송","isLmoOfficialSeller":false,"isFashionSquareSeller":false,"isBrandOfficialSeller":false},"hasOption":false,"isAdult":false,"isCartVisible":true,"discountRate":0,"sellPrice":4980,"tagLabels":[],"buyUnitCount":1,"deliveryCode":"M","rank":13,"lcode":"100000094","mcode":"200002376","scode":"300008255"},{"itemNo":"2518774882","itemName":"피코크 더 클래스 우유 900ml (1등급)","itemUrl":"https://item.gmarket.co.kr/Item?goodscode=2518774882","imageUrl":"//gdimg.gmarket.co.kr/2518774882/still/400?ver=1725111567","sdBrandName":"피코크","itemPrice":2280,"buyCount":50155,"reviewPoint":{"starPoint":4.73,"reviewCount":9817},"isBigSmileItem":false,"isSoldOut":false,"couponDiscount":{"discountType":"R","discountPrice":"0","discountRate":"15"},"cardDiscount":{"discountRate":0},"sellerInfo":{"sellCustNo":"155104283","sellLoginId":"emartmall2","nickname":"이마트몰쓱배송","isLmoOfficialSeller":false,"isFashionSquareSeller":false,"isBrandOfficialSeller":false},"hasOption":false,"isAdult":false,"isCartVisible":true,"discountRate":0,"sellPrice":2280,"tagLabels":[],"buyUnitCount":1,"deliveryCode":"M","unitPrice":{"unit":100,"unitName":"mL","price":253},"rank":14,"lcode":"100000094","mcode":"200002376","scode":"300021921"},{"itemNo":"2522766769","itemName":"노브랜드 망고담은 요거트750ml","itemUrl":"https://item.gmarket.co.kr/Item?goodscode=2522766769","imageUrl":"//gdimg.gmarket.co.kr/2522766769/still/400?ver=1725104579","sdBrandName":"노브랜드","itemPrice":2680,"buyCount":18782,"reviewPoint":{"starPoint":4.76,"reviewCount":5825},"isBigSmileItem":false,"isSoldOut":false,"cardDiscount":{"discountRate":0},"sellerInfo":{"sellCustNo":"155104283","sellLoginId":"emartmall2","nickname":"이마트몰쓱배송","isLmoOfficialSeller":false,"isFashionSquareSeller":false,"isBrandOfficialSeller":false},"hasOption":false,"isAdult":false,"isCartVisible":true,"discountRate":0,"sellPrice":2680,"tagLabels":[],"buyUnitCount":1,"deliveryCode":"M","unitPrice":{"unit":10,"unitName":"mL","price":36},"rank":15,"lcode":"100000094","mcode":"200002376","scode":"300008255"},{"itemNo":"2523427710","itemName":"서울우유 속편한 우유 저지방 (900ml2)","itemUrl":"https://item.gmarket.co.kr/Item?goodscode=2523427710","imageUrl":"//gdimg.gmarket.co.kr/2523427710/still/400?ver=1725099930","sdBrandName":"서울우유","itemPrice":6180,"buyCount":15483,"reviewPoint":{"starPoint":4.72,"reviewCount":4291},"isBigSmileItem":false,"isSoldOut":false,"couponDiscount":{"discountType":"R","discountPrice":"0","discountRate":"15"},"cardDiscount":{"discountRate":0},"sellerInfo":{"sellCustNo":"155104283","sellLoginId":"emartmall2","nickname":"이마트몰쓱배송","isLmoOfficialSeller":false,"isFashionSquareSeller":false,"isBrandOfficialSeller":false},"hasOption":false,"isAdult":false,"isCartVisible":true,"discountRate":0,"sellPrice":6180,"tagLabels":[],"buyUnitCount":1,"deliveryCode":"M","unitPrice":{"unit":100,"unitName":"mL","price":343},"rank":16,"lcode":"100000094","mcode":"200002376","scode":"300021921"},{"itemNo":"2546205484","itemName":"노브랜드 슬라이스치즈 900g","itemUrl":"https://item.gmarket.co.kr/Item?goodscode=2546205484","imageUrl":"//gdimg.gmarket.co.kr/2546205484/still/400?ver=1725124545","sdBrandName":"노브랜드","itemPrice":9980,"buyCount":15077,"reviewPoint":{"starPoint":4.77,"reviewCount":7573},"isBigSmileItem":false,"isSoldOut":false,"cardDiscount":{"discountRate":0},"sellerInfo":{"sellCustNo":"155104283","sellLoginId":"emartmall2","nickname":"이마트몰쓱배송","isLmoOfficialSeller":false,"isFashionSquareSeller":false,"isBrandOfficialSeller":false},"hasOption":false,"isAdult":false,"isCartVisible":true,"discountRate":0,"sellPrice":9980,"tagLabels":[],"buyUnitCount":1,"deliveryCode":"M","unitPrice":{"unit":10,"unitName":"g","price":111},"rank":17,"lcode":"100000036","mcode":"200001209","scode":"300012424"},{"itemNo":"2518701870","itemName":"자연의 시작 불가리스 사과(150ml8개입) 1200ml","itemUrl":"https://item.gmarket.co.kr/Item?goodscode=2518701870","imageUrl":"//gdimg.gmarket.co.kr/2518701870/still/400?ver=1725091603","sdBrandName":"남양","itemPrice":8980,"buyCount":7653,"reviewPoint":{"starPoint":4.65,"reviewCount":2683},"isBigSmileItem":false,"isSoldOut":false,"couponDiscount":{"discountType":"R","discountPrice":"0","discountRate":"15"},"cardDiscount":{"discountRate":0},"sellerInfo":{"sellCustNo":"155104283","sellLoginId":"emartmall2","nickname":"이마트몰쓱배송","isLmoOfficialSeller":false,"isFashionSquareSeller":false,"isBrandOfficialSeller":false},"hasOption":false,"isAdult":false,"isCartVisible":true,"discountRate":0,"sellPrice":8980,"tagLabels":[],"buyUnitCount":1,"deliveryCode":"M","unitPrice":{"unit":10,"unitName":"mL","price":75},"rank":18,"lcode":"100000094","mcode":"200002376","scode":"300008255"},{"itemNo":"2518549547","itemName":"파스퇴르 후레쉬 우유 2입(900ml2)","itemUrl":"https://item.gmarket.co.kr/Item?goodscode=2518549547","imageUrl":"//gdimg.gmarket.co.kr/2518549547/still/400?ver=1725092733","sdBrandName":"파스퇴르","itemPrice":5980,"buyCount":5665,"reviewPoint":{"starPoint":4.81,"reviewCount":1700},"isBigSmileItem":false,"isSoldOut":false,"couponDiscount":{"discountType":"R","discountPrice":"0","discountRate":"15"},"cardDiscount":{"discountRate":0},"sellerInfo":{"sellCustNo":"155104283","sellLoginId":"emartmall2","nickname":"이마트몰쓱배송","isLmoOfficialSeller":false,"isFashionSquareSeller":false,"isBrandOfficialSeller":false},"hasOption":false,"isAdult":false,"isCartVisible":true,"discountRate":0,"sellPrice":5980,"tagLabels":[],"buyUnitCount":1,"deliveryCode":"M","unitPrice":{"unit":100,"unitName":"mL","price":332},"rank":19,"lcode":"100000094","mcode":"200002376","scode":"300021921"},{"itemNo":"2518444608","itemName":"빙그레 바나나맛 우유(240ml4개) 960ml","itemUrl":"https://item.gmarket.co.kr/Item?goodscode=2518444608","imageUrl":"//gdimg.gmarket.co.kr/2518444608/still/400?ver=1725092605","sdBrandName":"빙그레","itemPrice":5780,"buyCount":6320,"reviewPoint":{"starPoint":4.77,"reviewCount":2013},"isBigSmileItem":false,"isSoldOut":false,"couponDiscount":{"discountType":"R","discountPrice":"0","discountRate":"15"},"cardDiscount":{"discountRate":0},"sellerInfo":{"sellCustNo":"155104283","sellLoginId":"emartmall2","nickname":"이마트몰쓱배송","isLmoOfficialSeller":false,"isFashionSquareSeller":false,"isBrandOfficialSeller":false},"hasOption":false,"isAdult":false,"isCartVisible":true,"discountRate":0,"sellPrice":5780,"tagLabels":[],"buyUnitCount":1,"deliveryCode":"M","unitPrice":{"unit":100,"unitName":"mL","price":602},"rank":20,"lcode":"100000094","mcode":"200002376","scode":"300021921"},{"itemNo":"2518543167","itemName":"서울우유 후레쉬 밀크 기획(900ml2) 1800ml","itemUrl":"https://item.gmarket.co.kr/Item?goodscode=2518543167","imageUrl":"//gdimg.gmarket.co.kr/2518543167/still/400?ver=1725092709","sdBrandName":"서울우유","itemPrice":5480,"buyCount":58360,"reviewPoint":{"starPoint":4.76,"reviewCount":15938},"isBigSmileItem":false,"isSoldOut":false,"couponDiscount":{"discountType":"R","discountPrice":"0","discountRate":"15"},"cardDiscount":{"discountRate":0},"sellerInfo":{"sellCustNo":"155104283","sellLoginId":"emartmall2","nickname":"이마트몰쓱배송","isLmoOfficialSeller":false,"isFashionSquareSeller":false,"isBrandOfficialSeller":false},"hasOption":false,"isAdult":false,"isCartVisible":true,"discountRate":0,"sellPrice":5480,"tagLabels":[],"buyUnitCount":1,"deliveryCode":"M","unitPrice":{"unit":100,"unitName":"mL","price":304},"rank":21,"lcode":"100000094","mcode":"200002376","scode":"300021921"},{"itemNo":"2519483901","itemName":"남양 드빈치 자연방목치즈30입 기획","itemUrl":"https://item.gmarket.co.kr/Item?goodscode=2519483901","imageUrl":"//gdimg.gmarket.co.kr/2519483901/still/400?ver=1725100289","sdBrandName":"남양","itemPrice":9980,"buyCount":8504,"reviewPoint":{"starPoint":4.76,"reviewCount":3105},"isBigSmileItem":false,"isSoldOut":false,"couponDiscount":{"discountType":"R","discountPrice":"0","discountRate":"15"},"cardDiscount":{"discountRate":0},"sellerInfo":{"sellCustNo":"155104283","sellLoginId":"emartmall2","nickname":"이마트몰쓱배송","isLmoOfficialSeller":false,"isFashionSquareSeller":false,"isBrandOfficialSeller":false},"hasOption":false,"isAdult":false,"isCartVisible":true,"discountRate":0,"sellPrice":9980,"tagLabels":[],"buyUnitCount":1,"deliveryCode":"M","unitPrice":{"unit":10,"unitName":"g","price":196},"rank":22,"lcode":"100000036","mcode":"200001209","scode":"300012424"},{"itemNo":"2518583336","itemName":"남양 요구르트(65ml20개) 1300ml","itemUrl":"https://item.gmarket.co.kr/Item?goodscode=2518583336","imageUrl":"//gdimg.gmarket.co.kr/2518583336/still/400?ver=1725092208","sdBrandName":"남양","itemPrice":3080,"buyCount":14918,"reviewPoint":{"starPoint":4.74,"reviewCount":5784},"isBigSmileItem":false,"isSoldOut":false,"couponDiscount":{"discountType":"R","discountPrice":"0","discountRate":"15"},"cardDiscount":{"discountRate":0},"sellerInfo":{"sellCustNo":"155104283","sellLoginId":"emartmall2","nickname":"이마트몰쓱배송","isLmoOfficialSeller":false,"isFashionSquareSeller":false,"isBrandOfficialSeller":false},"hasOption":false,"isAdult":false,"isCartVisible":true,"discountRate":0,"sellPrice":3080,"tagLabels":[],"buyUnitCount":1,"deliveryCode":"M","unitPrice":{"unit":10,"unitName":"mL","price":24},"rank":23,"lcode":"100000094","mcode":"200002376","scode":"300008255"},{"itemNo":"2518487611","itemName":"베지밀 달콤한 베지밀B 190ml24입","itemUrl":"https://item.gmarket.co.kr/Item?goodscode=2518487611","imageUrl":"//gdimg.gmarket.co.kr/2518487611/still/400?ver=1725437083","sdBrandName":"베지밀","itemPrice":15980,"buyCount":1149,"reviewPoint":{"starPoint":4.84,"reviewCount":297},"isBigSmileItem":false,"isSoldOut":false,"couponDiscount":{"discountType":"R","discountPrice":"0","discountRate":"15"},"cardDiscount":{"discountRate":0},"sellerInfo":{"sellCustNo":"155104283","sellLoginId":"emartmall2","nickname":"이마트몰쓱배송","isLmoOfficialSeller":false,"isFashionSquareSeller":false,"isBrandOfficialSeller":false},"hasOption":false,"isAdult":false,"isCartVisible":true,"discountRate":0,"sellPrice":15980,"tagLabels":[{"code":56,"text":"오반장","bgColor":"#00B8A4"}],"buyUnitCount":1,"deliveryCode":"M","unitPrice":{"unit":100,"unitName":"mL","price":350},"rank":24,"lcode":"100000094","mcode":"200002376","scode":"300029201"},{"itemNo":"2519571377","itemName":"피코크 소금을 넣지 않은 쿠킹버터 450g","itemUrl":"https://item.gmarket.co.kr/Item?goodscode=2519571377","imageUrl":"//gdimg.gmarket.co.kr/2519571377/still/400?ver=1725100726","sdBrandName":"피코크","itemPrice":7980,"buyCount":4756,"reviewPoint":{"starPoint":4.72,"reviewCount":1952},"isBigSmileItem":false,"isSoldOut":false,"couponDiscount":{"discountType":"R","discountPrice":"0","discountRate":"15"},"cardDiscount":{"discountRate":0},"sellerInfo":{"sellCustNo":"155104283","sellLoginId":"emartmall2","nickname":"이마트몰쓱배송","isLmoOfficialSeller":false,"isFashionSquareSeller":false,"isBrandOfficialSeller":false},"hasOption":false,"isAdult":false,"isCartVisible":true,"discountRate":0,"sellPrice":7980,"tagLabels":[],"buyUnitCount":1,"deliveryCode":"M","unitPrice":{"unit":100,"unitName":"g","price":1773},"rank":25,"lcode":"100000036","mcode":"200001209","scode":"300012425"},{"itemNo":"2522204500","itemName":"빙그레 요플레 10개입 기획 85g10 (맛은 랜덤배송/점별 재고에 따라 한가지 맛 입고 가능)","itemUrl":"https://item.gmarket.co.kr/Item?goodscode=2522204500","imageUrl":"//gdimg.gmarket.co.kr/2522204500/still/400?ver=1725101065","sdBrandName":"빙그레","itemPrice":6480,"buyCount":10552,"reviewPoint":{"starPoint":4.77,"reviewCount":4035},"isBigSmileItem":false,"isSoldOut":false,"couponDiscount":{"discountType":"R","discountPrice":"0","discountRate":"15"},"cardDiscount":{"discountRate":0},"sellerInfo":{"sellCustNo":"155104283","sellLoginId":"emartmall2","nickname":"이마트몰쓱배송","isLmoOfficialSeller":false,"isFashionSquareSeller":false,"isBrandOfficialSeller":false},"hasOption":false,"isAdult":false,"isCartVisible":true,"discountRate":0,"sellPrice":6480,"tagLabels":[],"buyUnitCount":1,"deliveryCode":"M","rank":26,"lcode":"100000094","mcode":"200002376","scode":"300008255"},{"itemNo":"3009962252","itemName":"노브랜드 데일리 요거트 플레인 80g6입","itemUrl":"https://item.gmarket.co.kr/Item?goodscode=3009962252","imageUrl":"//gdimg.gmarket.co.kr/3009962252/still/400?ver=1725135518","itemPrice":2580,"buyCount":10569,"reviewPoint":{"starPoint":4.75,"reviewCount":4236},"isBigSmileItem":false,"isSoldOut":false,"couponDiscount":{"discountType":"R","discountPrice":"0","discountRate":"15"},"cardDiscount":{"discountRate":0},"sellerInfo":{"sellCustNo":"155104283","sellLoginId":"emartmall2","nickname":"이마트몰쓱배송","isLmoOfficialSeller":false,"isFashionSquareSeller":false,"isBrandOfficialSeller":false},"hasOption":false,"isAdult":false,"isCartVisible":true,"discountRate":0,"sellPrice":2580,"tagLabels":[],"buyUnitCount":1,"deliveryCode":"M","rank":27,"lcode":"100000094","mcode":"200002376","scode":"300008255"},{"itemNo":"3978430567","itemName":"일루마 2단계 810g","itemUrl":"https://item.gmarket.co.kr/Item?goodscode=3978430567","imageUrl":"//gdimg.gmarket.co.kr/3978430567/still/400?ver=1725143070","sdBrandName":"일루마","itemPrice":68900,"buyCount":88,"reviewPoint":{"starPoint":5,"reviewCount":7},"isBigSmileItem":false,"isSoldOut":false,"couponDiscount":{"discountType":"R","discountPrice":"0","discountRate":"15"},"cardDiscount":{"discountRate":0},"sellerInfo":{"sellCustNo":"155104283","sellLoginId":"emartmall2","nickname":"이마트몰쓱배송","isLmoOfficialSeller":false,"isFashionSquareSeller":false,"isBrandOfficialSeller":false},"hasOption":false,"isAdult":false,"isCartVisible":true,"discountRate":0,"sellPrice":68900,"tagLabels":[],"buyUnitCount":1,"deliveryCode":"M","unitPrice":{"unit":100,"unitName":"g","price":8506},"rank":28,"lcode":"100000006","mcode":"200002938","scode":"300029027"},{"itemNo":"2708163166","itemName":"갓밀크 1L (멸균우유)","itemUrl":"https://item.gmarket.co.kr/Item?goodscode=2708163166","imageUrl":"//gdimg.gmarket.co.kr/2708163166/still/400?ver=1725125243","sdBrandName":"갓밀크","itemPrice":1900,"buyCount":71782,"reviewPoint":{"starPoint":4.71,"reviewCount":10237},"isBigSmileItem":false,"isSoldOut":false,"couponDiscount":{"discountType":"R","discountPrice":"0","discountRate":"15"},"cardDiscount":{"discountRate":0},"sellerInfo":{"sellCustNo":"155104283","sellLoginId":"emartmall2","nickname":"이마트몰쓱배송","isLmoOfficialSeller":false,"isFashionSquareSeller":false,"isBrandOfficialSeller":false},"hasOption":false,"isAdult":false,"isCartVisible":true,"discountRate":0,"sellPrice":1900,"tagLabels":[],"buyUnitCount":1,"deliveryCode":"M","unitPrice":{"unit":100,"unitName":"mL","price":190},"rank":29,"lcode":"100000094","mcode":"200002376","scode":"300021921"},{"itemNo":"2522332760","itemName":"매일 우유 저지방2% 후레쉬팩 900ML2","itemUrl":"https://item.gmarket.co.kr/Item?goodscode=2522332760","imageUrl":"//gdimg.gmarket.co.kr/2522332760/still/400?ver=1725101084","sdBrandName":"매일유업","itemPrice":5450,"buyCount":5224,"reviewPoint":{"starPoint":4.77,"reviewCount":1351},"isBigSmileItem":false,"isSoldOut":false,"couponDiscount":{"discountType":"R","discountPrice":"0","discountRate":"15"},"cardDiscount":{"discountRate":0},"sellerInfo":{"sellCustNo":"155104283","sellLoginId":"emartmall2","nickname":"이마트몰쓱배송","isLmoOfficialSeller":false,"isFashionSquareSeller":false,"isBrandOfficialSeller":false},"hasOption":false,"isAdult":false,"isCartVisible":true,"discountRate":0,"sellPrice":5450,"tagLabels":[],"buyUnitCount":1,"deliveryCode":"M","unitPrice":{"unit":100,"unitName":"mL","price":303},"rank":30,"lcode":"100000094","mcode":"200002376","scode":"300021921"},{"itemNo":"2522845257","itemName":"피코크 에이 클래스 플레인요거트 900g","itemUrl":"https://item.gmarket.co.kr/Item?goodscode=2522845257","imageUrl":"//gdimg.gmarket.co.kr/2522845257/still/400?ver=1725117800","sdBrandName":"피코크","itemPrice":5680,"buyCount":11321,"reviewPoint":{"starPoint":4.72,"reviewCount":3920},"isBigSmileItem":false,"isSoldOut":false,"couponDiscount":{"discountType":"R","discountPrice":"0","discountRate":"15"},"cardDiscount":{"discountRate":0},"sellerInfo":{"sellCustNo":"155104283","sellLoginId":"emartmall2","nickname":"이마트몰쓱배송","isLmoOfficialSeller":false,"isFashionSquareSeller":false,"isBrandOfficialSeller":false},"hasOption":false,"isAdult":false,"isCartVisible":true,"discountRate":0,"sellPrice":5680,"tagLabels":[],"buyUnitCount":1,"deliveryCode":"M","rank":31,"lcode":"100000094","mcode":"200002376","scode":"300008255"},{"itemNo":"2537365390","itemName":"한국야쿠르트피로케어 쿠퍼스 140mlX4개","itemUrl":"https://item.gmarket.co.kr/Item?goodscode=2537365390","imageUrl":"//gdimg.gmarket.co.kr/2537365390/still/400?ver=1725100684","sdBrandName":"에치와이","itemPrice":10800,"buyCount":8027,"reviewPoint":{"starPoint":4.74,"reviewCount":1863},"isBigSmileItem":false,"isSoldOut":false,"couponDiscount":{"discountType":"R","discountPrice":"0","discountRate":"15"},"cardDiscount":{"discountRate":0},"sellerInfo":{"sellCustNo":"155104283","sellLoginId":"emartmall2","nickname":"이마트몰쓱배송","isLmoOfficialSeller":false,"isFashionSquareSeller":false,"isBrandOfficialSeller":false},"hasOption":false,"isAdult":false,"isCartVisible":true,"discountRate":0,"sellPrice":10800,"tagLabels":[],"buyUnitCount":1,"deliveryCode":"M","unitPrice":{"unit":10,"unitName":"mL","price":193},"rank":32,"lcode":"100000094","mcode":"200002376","scode":"300008255"},{"itemNo":"2518775982","itemName":"한국야쿠르트 야쿠르트 라이트(65ml20입)","itemUrl":"https://item.gmarket.co.kr/Item?goodscode=2518775982","imageUrl":"//gdimg.gmarket.co.kr/2518775982/still/400?ver=1725111931","sdBrandName":"에치와이","itemPrice":4400,"buyCount":12412,"reviewPoint":{"starPoint":4.76,"reviewCount":4314},"isBigSmileItem":false,"isSoldOut":false,"couponDiscount":{"discountType":"R","discountPrice":"0","discountRate":"15"},"cardDiscount":{"discountRate":0},"sellerInfo":{"sellCustNo":"155104283","sellLoginId":"emartmall2","nickname":"이마트몰쓱배송","isLmoOfficialSeller":false,"isFashionSquareSeller":false,"isBrandOfficialSeller":false},"hasOption":false,"isAdult":false,"isCartVisible":true,"discountRate":0,"sellPrice":4400,"tagLabels":[],"buyUnitCount":1,"deliveryCode":"M","unitPrice":{"unit":10,"unitName":"mL","price":34},"rank":33,"lcode":"100000094","mcode":"200002376","scode":"300008255"},{"itemNo":"2522844693","itemName":"피코크 에이 클래스 저지방요거트 900g","itemUrl":"https://item.gmarket.co.kr/Item?goodscode=2522844693","imageUrl":"//gdimg.gmarket.co.kr/2522844693/still/400?ver=1725119488","sdBrandName":"피코크","itemPrice":5680,"buyCount":10703,"reviewPoint":{"starPoint":4.73,"reviewCount":3632},"isBigSmileItem":false,"isSoldOut":false,"couponDiscount":{"discountType":"R","discountPrice":"0","discountRate":"15"},"cardDiscount":{"discountRate":0},"sellerInfo":{"sellCustNo":"155104283","sellLoginId":"emartmall2","nickname":"이마트몰쓱배송","isLmoOfficialSeller":false,"isFashionSquareSeller":false,"isBrandOfficialSeller":false},"hasOption":false,"isAdult":false,"isCartVisible":true,"discountRate":0,"sellPrice":5680,"tagLabels":[],"buyUnitCount":1,"deliveryCode":"M","rank":34,"lcode":"100000094","mcode":"200002376","scode":"300008255"},{"itemNo":"2522760853","itemName":"피코크 자연치즈를 99% 담은 모짜렐라 슈레드치즈 300g(개봉 후 냉동보관)","itemUrl":"https://item.gmarket.co.kr/Item?goodscode=2522760853","imageUrl":"//gdimg.gmarket.co.kr/2522760853/still/400?ver=1725105473","sdBrandName":"피코크","itemPrice":5980,"buyCount":7130,"reviewPoint":{"starPoint":4.76,"reviewCount":2244},"isBigSmileItem":false,"isSoldOut":false,"couponDiscount":{"discountType":"R","discountPrice":"0","discountRate":"15"},"cardDiscount":{"discountRate":0},"sellerInfo":{"sellCustNo":"155104283","sellLoginId":"emartmall2","nickname":"이마트몰쓱배송","isLmoOfficialSeller":false,"isFashionSquareSeller":false,"isBrandOfficialSeller":false},"hasOption":false,"isAdult":false,"isCartVisible":true,"discountRate":0,"sellPrice":5980,"tagLabels":[],"buyUnitCount":1,"deliveryCode":"M","unitPrice":{"unit":10,"unitName":"g","price":199},"rank":35,"lcode":"100000036","mcode":"200001209","scode":"300012424"},{"itemNo":"2518707448","itemName":"한국야쿠르트 윌 저지방 150mlX5개","itemUrl":"https://item.gmarket.co.kr/Item?goodscode=2518707448","imageUrl":"//gdimg.gmarket.co.kr/2518707448/still/400?ver=1725091694","sdBrandName":"에치와이","itemPrice":8000,"buyCount":10680,"reviewPoint":{"starPoint":4.72,"reviewCount":2570},"isBigSmileItem":false,"isSoldOut":false,"couponDiscount":{"discountType":"R","discountPrice":"0","discountRate":"15"},"cardDiscount":{"discountRate":0},"sellerInfo":{"sellCustNo":"155104283","sellLoginId":"emartmall2","nickname":"이마트몰쓱배송","isLmoOfficialSeller":false,"isFashionSquareSeller":false,"isBrandOfficialSeller":false},"hasOption":false,"isAdult":false,"isCartVisible":true,"discountRate":0,"sellPrice":8000,"tagLabels":[],"buyUnitCount":1,"deliveryCode":"M","unitPrice":{"unit":10,"unitName":"mL","price":107},"rank":36,"lcode":"100000094","mcode":"200002376","scode":"300008255"},{"itemNo":"2518686127","itemName":"빙그레 바나나 스페셜(240ml6개) 1440ml","itemUrl":"https://item.gmarket.co.kr/Item?goodscode=2518686127","imageUrl":"//gdimg.gmarket.co.kr/2518686127/still/400?ver=1725091743","itemPrice":8100,"buyCount":11348,"reviewPoint":{"starPoint":4.78,"reviewCount":3674},"isBigSmileItem":false,"isSoldOut":false,"couponDiscount":{"discountType":"R","discountPrice":"0","discountRate":"15"},"cardDiscount":{"discountRate":0},"sellerInfo":{"sellCustNo":"155104283","sellLoginId":"emartmall2","nickname":"이마트몰쓱배송","isLmoOfficialSeller":false,"isFashionSquareSeller":false,"isBrandOfficialSeller":false},"hasOption":false,"isAdult":false,"isCartVisible":true,"discountRate":0,"sellPrice":8100,"tagLabels":[],"buyUnitCount":1,"deliveryCode":"M","rank":37,"lcode":"100000094","mcode":"200002376","scode":"300021921"},{"itemNo":"4048097551","itemName":"가격역주행 체다치즈 414g","itemUrl":"https://item.gmarket.co.kr/Item?goodscode=4048097551","imageUrl":"//gdimg.gmarket.co.kr/4048097551/still/400?ver=1725141264","itemPrice":5980,"buyCount":367,"reviewPoint":{"starPoint":4.63,"reviewCount":97},"isBigSmileItem":false,"isSoldOut":false,"couponDiscount":{"discountType":"R","discountPrice":"0","discountRate":"15"},"cardDiscount":{"discountRate":0},"sellerInfo":{"sellCustNo":"155104283","sellLoginId":"emartmall2","nickname":"이마트몰쓱배송","isLmoOfficialSeller":false,"isFashionSquareSeller":false,"isBrandOfficialSeller":false},"hasOption":false,"isAdult":false,"isCartVisible":true,"discountRate":0,"sellPrice":5980,"tagLabels":[],"buyUnitCount":1,"deliveryCode":"M","rank":38,"lcode":"100000036","mcode":"200001209","scode":"300012424"},{"itemNo":"2537366321","itemName":"서울우유  내속이편안한 우유 900ml2입","itemUrl":"https://item.gmarket.co.kr/Item?goodscode=2537366321","imageUrl":"//gdimg.gmarket.co.kr/2537366321/still/400?ver=1725122203","itemPrice":6180,"buyCount":10882,"reviewPoint":{"starPoint":4.73,"reviewCount":3897},"isBigSmileItem":false,"isSoldOut":false,"couponDiscount":{"discountType":"R","discountPrice":"0","discountRate":"15"},"cardDiscount":{"discountRate":0},"sellerInfo":{"sellCustNo":"155104283","sellLoginId":"emartmall2","nickname":"이마트몰쓱배송","isLmoOfficialSeller":false,"isFashionSquareSeller":false,"isBrandOfficialSeller":false},"hasOption":false,"isAdult":false,"isCartVisible":true,"discountRate":0,"sellPrice":6180,"tagLabels":[],"buyUnitCount":1,"deliveryCode":"M","rank":39,"lcode":"100000094","mcode":"200002376","scode":"300021921"},{"itemNo":"2670671252","itemName":"덴마크 드링킹요구르트 딸기 275ml","itemUrl":"https://item.gmarket.co.kr/Item?goodscode=2670671252","imageUrl":"//gdimg.gmarket.co.kr/2670671252/still/400?ver=1725127418","sdBrandName":"동원","itemPrice":2080,"buyCount":18805,"reviewPoint":{"starPoint":4.74,"reviewCount":3146},"isBigSmileItem":false,"isSoldOut":false,"couponDiscount":{"discountType":"R","discountPrice":"0","discountRate":"15"},"cardDiscount":{"discountRate":0},"sellerInfo":{"sellCustNo":"155104283","sellLoginId":"emartmall2","nickname":"이마트몰쓱배송","isLmoOfficialSeller":false,"isFashionSquareSeller":false,"isBrandOfficialSeller":false},"hasOption":false,"isAdult":false,"isCartVisible":true,"discountRate":0,"sellPrice":2080,"tagLabels":[{"code":58,"text":"2개 사면 할인","bgColor":"#19C919"}],"buyUnitCount":1,"deliveryCode":"M","unitPrice":{"unit":10,"unitName":"mL","price":76},"rank":40,"lcode":"100000094","mcode":"200002376","scode":"300008255"},{"itemNo":"2788526116","itemName":"남양 아이엠마더 1단계","itemUrl":"https://item.gmarket.co.kr/Item?goodscode=2788526116","imageUrl":"//gdimg.gmarket.co.kr/2788526116/still/400?ver=1725130461","sdBrandName":"남양","itemPrice":31000,"buyCount":1670,"reviewPoint":{"starPoint":4.92,"reviewCount":224},"isBigSmileItem":false,"isSoldOut":false,"couponDiscount":{"discountType":"R","discountPrice":"0","discountRate":"15"},"cardDiscount":{"discountRate":0},"sellerInfo":{"sellCustNo":"155104283","sellLoginId":"emartmall2","nickname":"이마트몰쓱배송","isLmoOfficialSeller":false,"isFashionSquareSeller":false,"isBrandOfficialSeller":false},"hasOption":false,"isAdult":false,"isCartVisible":true,"discountRate":0,"sellPrice":31000,"tagLabels":[],"buyUnitCount":1,"deliveryCode":"M","rank":41,"lcode":"100000006","mcode":"200002938","scode":"300029026"},{"itemNo":"2518898820","itemName":"서울우유 블루베리의 상큼함이 살아있는 요구르트 750ml","itemUrl":"https://item.gmarket.co.kr/Item?goodscode=2518898820","imageUrl":"//gdimg.gmarket.co.kr/2518898820/still/400?ver=1725091658","sdBrandName":"서울우유","itemPrice":3780,"buyCount":8733,"reviewPoint":{"starPoint":4.76,"reviewCount":3063},"isBigSmileItem":false,"isSoldOut":false,"couponDiscount":{"discountType":"R","discountPrice":"0","discountRate":"15"},"cardDiscount":{"discountRate":0},"sellerInfo":{"sellCustNo":"155104283","sellLoginId":"emartmall2","nickname":"이마트몰쓱배송","isLmoOfficialSeller":false,"isFashionSquareSeller":false,"isBrandOfficialSeller":false},"hasOption":false,"isAdult":false,"isCartVisible":true,"discountRate":0,"sellPrice":3780,"tagLabels":[],"buyUnitCount":1,"deliveryCode":"M","unitPrice":{"unit":10,"unitName":"mL","price":50},"rank":42,"lcode":"100000094","mcode":"200002376","scode":"300008255"},{"itemNo":"3786052244","itemName":"서울 더진한 그릭요거트 100g2","itemUrl":"https://item.gmarket.co.kr/Item?goodscode=3786052244","imageUrl":"//gdimg.gmarket.co.kr/3786052244/still/400?ver=1725143433","sdBrandName":"서울우유","itemPrice":5880,"buyCount":1036,"reviewPoint":{"starPoint":4.79,"reviewCount":306},"isBigSmileItem":false,"isSoldOut":false,"couponDiscount":{"discountType":"R","discountPrice":"0","discountRate":"15"},"cardDiscount":{"discountRate":0},"sellerInfo":{"sellCustNo":"155104283","sellLoginId":"emartmall2","nickname":"이마트몰쓱배송","isLmoOfficialSeller":false,"isFashionSquareSeller":false,"isBrandOfficialSeller":false},"hasOption":false,"isAdult":false,"isCartVisible":true,"discountRate":0,"sellPrice":5880,"tagLabels":[],"buyUnitCount":1,"deliveryCode":"M","rank":43,"lcode":"100000094","mcode":"200002376","scode":"300008255"},{"itemNo":"2519018201","itemName":"소화잘되는 배안아픈저지방우유 (900ml2)","itemUrl":"https://item.gmarket.co.kr/Item?goodscode=2519018201","imageUrl":"//gdimg.gmarket.co.kr/2519018201/still/400?ver=1725122016","sdBrandName":"남양","itemPrice":6380,"buyCount":3071,"reviewPoint":{"starPoint":4.71,"reviewCount":905},"isBigSmileItem":false,"isSoldOut":false,"couponDiscount":{"discountType":"R","discountPrice":"0","discountRate":"15"},"cardDiscount":{"discountRate":0},"sellerInfo":{"sellCustNo":"155104283","sellLoginId":"emartmall2","nickname":"이마트몰쓱배송","isLmoOfficialSeller":false,"isFashionSquareSeller":false,"isBrandOfficialSeller":false},"hasOption":false,"isAdult":false,"isCartVisible":true,"discountRate":0,"sellPrice":6380,"tagLabels":[],"buyUnitCount":1,"deliveryCode":"M","unitPrice":{"unit":100,"unitName":"mL","price":354},"rank":44,"lcode":"100000094","mcode":"200002376","scode":"300021921"},{"itemNo":"2518491854","itemName":"서울우유 목장의 신선함이 살아있는 우유 1L","itemUrl":"https://item.gmarket.co.kr/Item?goodscode=2518491854","imageUrl":"//gdimg.gmarket.co.kr/2518491854/still/400?ver=1725088265","sdBrandName":"서울우유","itemPrice":3640,"buyCount":8963,"reviewPoint":{"starPoint":4.77,"reviewCount":2306},"isBigSmileItem":false,"isSoldOut":false,"couponDiscount":{"discountType":"R","discountPrice":"0","discountRate":"15"},"cardDiscount":{"discountRate":0},"sellerInfo":{"sellCustNo":"155104283","sellLoginId":"emartmall2","nickname":"이마트몰쓱배송","isLmoOfficialSeller":false,"isFashionSquareSeller":false,"isBrandOfficialSeller":false},"hasOption":false,"isAdult":false,"isCartVisible":true,"discountRate":0,"sellPrice":3640,"tagLabels":[],"buyUnitCount":1,"deliveryCode":"M","unitPrice":{"unit":100,"unitName":"mL","price":364},"rank":45,"lcode":"100000094","mcode":"200002376","scode":"300021921"},{"itemNo":"2518492820","itemName":"서울우유 버터 450g(해동)","itemUrl":"https://item.gmarket.co.kr/Item?goodscode=2518492820","imageUrl":"//gdimg.gmarket.co.kr/2518492820/still/400?ver=1725088525","sdBrandName":"롯데웰푸드","itemPrice":11000,"buyCount":7555,"reviewPoint":{"starPoint":4.76,"reviewCount":2068},"isBigSmileItem":false,"isSoldOut":false,"couponDiscount":{"discountType":"R","discountPrice":"0","discountRate":"15"},"cardDiscount":{"discountRate":0},"sellerInfo":{"sellCustNo":"155104283","sellLoginId":"emartmall2","nickname":"이마트몰쓱배송","isLmoOfficialSeller":false,"isFashionSquareSeller":false,"isBrandOfficialSeller":false},"hasOption":false,"isAdult":false,"isCartVisible":true,"discountRate":0,"sellPrice":11000,"tagLabels":[],"buyUnitCount":1,"deliveryCode":"M","unitPrice":{"unit":100,"unitName":"g","price":2444},"rank":46,"lcode":"100000036","mcode":"200001209","scode":"300012425"},{"itemNo":"2670671134","itemName":"덴마크 드링킹요구르트 사과 275ml","itemUrl":"https://item.gmarket.co.kr/Item?goodscode=2670671134","imageUrl":"//gdimg.gmarket.co.kr/2670671134/still/400?ver=1725127942","sdBrandName":"동원","itemPrice":2080,"buyCount":10678,"reviewPoint":{"starPoint":4.7,"reviewCount":2011},"isBigSmileItem":false,"isSoldOut":false,"couponDiscount":{"discountType":"R","discountPrice":"0","discountRate":"15"},"cardDiscount":{"discountRate":0},"sellerInfo":{"sellCustNo":"155104283","sellLoginId":"emartmall2","nickname":"이마트몰쓱배송","isLmoOfficialSeller":false,"isFashionSquareSeller":false,"isBrandOfficialSeller":false},"hasOption":false,"isAdult":false,"isCartVisible":true,"discountRate":0,"sellPrice":2080,"tagLabels":[{"code":58,"text":"2개 사면 할인","bgColor":"#19C919"}],"buyUnitCount":1,"deliveryCode":"M","unitPrice":{"unit":10,"unitName":"mL","price":76},"rank":47,"lcode":"100000094","mcode":"200002376","scode":"300008255"},{"itemNo":"2891533362","itemName":"서울우유 액상요구르트 65ml20","itemUrl":"https://item.gmarket.co.kr/Item?goodscode=2891533362","imageUrl":"//gdimg.gmarket.co.kr/2891533362/still/400?ver=1725127961","sdBrandName":"서울우유","itemPrice":3100,"buyCount":7741,"reviewPoint":{"starPoint":4.76,"reviewCount":3435},"isBigSmileItem":false,"isSoldOut":false,"couponDiscount":{"discountType":"R","discountPrice":"0","discountRate":"15"},"cardDiscount":{"discountRate":0},"sellerInfo":{"sellCustNo":"155104283","sellLoginId":"emartmall2","nickname":"이마트몰쓱배송","isLmoOfficialSeller":false,"isFashionSquareSeller":false,"isBrandOfficialSeller":false},"hasOption":false,"isAdult":false,"isCartVisible":true,"discountRate":0,"sellPrice":3100,"tagLabels":[],"buyUnitCount":1,"deliveryCode":"M","unitPrice":{"unit":10,"unitName":"mL","price":24},"rank":48,"lcode":"100000094","mcode":"200002376","scode":"300008255"},{"itemNo":"2518702417","itemName":"비피더스 명장 기획(125ml12/점포별 구성 상이함) 1500ml","itemUrl":"https://item.gmarket.co.kr/Item?goodscode=2518702417","imageUrl":"//gdimg.gmarket.co.kr/2518702417/still/400?ver=1725091610","sdBrandName":"동원","itemPrice":4980,"buyCount":10321,"reviewPoint":{"starPoint":4.74,"reviewCount":4019},"isBigSmileItem":false,"isSoldOut":false,"couponDiscount":{"discountType":"R","discountPrice":"0","discountRate":"15"},"cardDiscount":{"discountRate":0},"sellerInfo":{"sellCustNo":"155104283","sellLoginId":"emartmall2","nickname":"이마트몰쓱배송","isLmoOfficialSeller":false,"isFashionSquareSeller":false,"isBrandOfficialSeller":false},"hasOption":false,"isAdult":false,"isCartVisible":true,"discountRate":0,"sellPrice":4980,"tagLabels":[],"buyUnitCount":1,"deliveryCode":"M","unitPrice":{"unit":10,"unitName":"mL","price":33},"rank":49,"lcode":"100000094","mcode":"200002376","scode":"300008255"},{"itemNo":"2880047355","itemName":"보꼬네 모짜렐라 슈레드치즈 780g(개봉 후 냉동보관)","itemUrl":"https://item.gmarket.co.kr/Item?goodscode=2880047355","imageUrl":"//gdimg.gmarket.co.kr/2880047355/still/400?ver=1725128496","sdBrandName":"BOCCONE","itemPrice":11680,"buyCount":2317,"reviewPoint":{"starPoint":4.75,"reviewCount":1143},"isBigSmileItem":false,"isSoldOut":false,"couponDiscount":{"discountType":"R","discountPrice":"0","discountRate":"15"},"cardDiscount":{"discountRate":0},"sellerInfo":{"sellCustNo":"155104283","sellLoginId":"emartmall2","nickname":"이마트몰쓱배송","isLmoOfficialSeller":false,"isFashionSquareSeller":false,"isBrandOfficialSeller":false},"hasOption":false,"isAdult":false,"isCartVisible":true,"discountRate":0,"sellPrice":11680,"tagLabels":[],"buyUnitCount":1,"deliveryCode":"M","unitPrice":{"unit":10,"unitName":"g","price":150},"rank":50,"lcode":"100000036","mcode":"200001209","scode":"300012424"},{"itemNo":"2518472479","itemName":"서울우유 서울우유 1.8L","itemUrl":"https://item.gmarket.co.kr/Item?goodscode=2518472479","imageUrl":"//gdimg.gmarket.co.kr/2518472479/still/400?ver=1725092658","sdBrandName":"서울우유","itemPrice":5970,"buyCount":7393,"reviewPoint":{"starPoint":4.79,"reviewCount":2447},"isBigSmileItem":false,"isSoldOut":false,"couponDiscount":{"discountType":"R","discountPrice":"0","discountRate":"15"},"cardDiscount":{"discountRate":0},"sellerInfo":{"sellCustNo":"155104283","sellLoginId":"emartmall2","nickname":"이마트몰쓱배송","isLmoOfficialSeller":false,"isFashionSquareSeller":false,"isBrandOfficialSeller":false},"hasOption":false,"isAdult":false,"isCartVisible":true,"discountRate":0,"sellPrice":5970,"tagLabels":[],"buyUnitCount":1,"deliveryCode":"M","unitPrice":{"unit":100,"unitName":"mL","price":332},"rank":51,"lcode":"100000094","mcode":"200002376","scode":"300021921"},{"itemNo":"2518473147","itemName":"파스퇴르 파스퇴르 우유 2.3L","itemUrl":"https://item.gmarket.co.kr/Item?goodscode=2518473147","imageUrl":"//gdimg.gmarket.co.kr/2518473147/still/400?ver=1725092607","sdBrandName":"파스퇴르","itemPrice":7480,"buyCount":5717,"reviewPoint":{"starPoint":4.77,"reviewCount":1253},"isBigSmileItem":false,"isSoldOut":false,"couponDiscount":{"discountType":"R","discountPrice":"0","discountRate":"15"},"cardDiscount":{"discountRate":0},"sellerInfo":{"sellCustNo":"155104283","sellLoginId":"emartmall2","nickname":"이마트몰쓱배송","isLmoOfficialSeller":false,"isFashionSquareSeller":false,"isBrandOfficialSeller":false},"hasOption":false,"isAdult":false,"isCartVisible":true,"discountRate":0,"sellPrice":7480,"tagLabels":[],"buyUnitCount":1,"deliveryCode":"M","unitPrice":{"unit":100,"unitName":"mL","price":325},"rank":52,"lcode":"100000094","mcode":"200002376","scode":"300021921"},{"itemNo":"2519319923","itemName":"이롬 황성주 국산콩 검은콩 두유 190ml20","itemUrl":"https://item.gmarket.co.kr/Item?goodscode=2519319923","imageUrl":"//gdimg.gmarket.co.kr/2519319923/still/400?ver=1725100584","sdBrandName":"황성주두유","itemPrice":9880,"buyCount":5072,"reviewPoint":{"starPoint":4.77,"reviewCount":1432},"isBigSmileItem":false,"isSoldOut":false,"couponDiscount":{"discountType":"R","discountPrice":"0","discountRate":"15"},"cardDiscount":{"discountRate":0},"sellerInfo":{"sellCustNo":"155104283","sellLoginId":"emartmall2","nickname":"이마트몰쓱배송","isLmoOfficialSeller":false,"isFashionSquareSeller":false,"isBrandOfficialSeller":false},"hasOption":false,"isAdult":false,"isCartVisible":true,"discountRate":0,"sellPrice":9880,"tagLabels":[],"buyUnitCount":1,"deliveryCode":"M","unitPrice":{"unit":100,"unitName":"mL","price":260},"rank":53,"lcode":"100000094","mcode":"200002376","scode":"300029201"},{"itemNo":"2519608375","itemName":"매일 바이오 드링킹 플레인 750ml2","itemUrl":"https://item.gmarket.co.kr/Item?goodscode=2519608375","imageUrl":"//gdimg.gmarket.co.kr/2519608375/still/400?ver=1725101041","sdBrandName":"매일유업","itemPrice":4980,"buyCount":2876,"reviewPoint":{"starPoint":4.63,"reviewCount":1052},"isBigSmileItem":false,"isSoldOut":false,"couponDiscount":{"discountType":"R","discountPrice":"0","discountRate":"15"},"cardDiscount":{"discountRate":0},"sellerInfo":{"sellCustNo":"155104283","sellLoginId":"emartmall2","nickname":"이마트몰쓱배송","isLmoOfficialSeller":false,"isFashionSquareSeller":false,"isBrandOfficialSeller":false},"hasOption":false,"isAdult":false,"isCartVisible":true,"discountRate":0,"sellPrice":4980,"tagLabels":[],"buyUnitCount":1,"deliveryCode":"M","unitPrice":{"unit":10,"unitName":"mL","price":33},"rank":54,"lcode":"100000094","mcode":"200002376","scode":"300008255"},{"itemNo":"2884833833","itemName":"앱솔루트 명작 2입기획 2단계","itemUrl":"https://item.gmarket.co.kr/Item?goodscode=2884833833","imageUrl":"//gdimg.gmarket.co.kr/2884833833/still/400?ver=1725131191","sdBrandName":"매일유업","itemPrice":39800,"buyCount":2503,"reviewPoint":{"starPoint":4.89,"reviewCount":365},"isBigSmileItem":false,"isSoldOut":false,"cardDiscount":{"discountRate":0},"sellerInfo":{"sellCustNo":"155104283","sellLoginId":"emartmall2","nickname":"이마트몰쓱배송","isLmoOfficialSeller":false,"isFashionSquareSeller":false,"isBrandOfficialSeller":false},"hasOption":false,"isAdult":false,"isCartVisible":true,"discountRate":0,"sellPrice":39800,"tagLabels":[],"buyUnitCount":1,"deliveryCode":"M","unitPrice":{"unit":100,"unitName":"g","price":2488},"rank":55,"lcode":"100000006","mcode":"200002938","scode":"300029026"},{"itemNo":"2518939306","itemName":"서울우유 프레시 버터 80g3입(해동)","itemUrl":"https://item.gmarket.co.kr/Item?goodscode=2518939306","imageUrl":"//gdimg.gmarket.co.kr/2518939306/still/400?ver=1725428805","sdBrandName":"서울우유","itemPrice":6600,"buyCount":4050,"reviewPoint":{"starPoint":4.74,"reviewCount":1532},"isBigSmileItem":false,"isSoldOut":false,"couponDiscount":{"discountType":"R","discountPrice":"0","discountRate":"15"},"cardDiscount":{"discountRate":0},"sellerInfo":{"sellCustNo":"155104283","sellLoginId":"emartmall2","nickname":"이마트몰쓱배송","isLmoOfficialSeller":false,"isFashionSquareSeller":false,"isBrandOfficialSeller":false},"hasOption":false,"isAdult":false,"isCartVisible":true,"discountRate":0,"sellPrice":6600,"tagLabels":[],"buyUnitCount":1,"deliveryCode":"M","unitPrice":{"unit":100,"unitName":"g","price":2750},"rank":56,"lcode":"100000036","mcode":"200001209","scode":"300012425"},{"itemNo":"2518975436","itemName":"서울우유 커피포리 200ml 4입","itemUrl":"https://item.gmarket.co.kr/Item?goodscode=2518975436","imageUrl":"//gdimg.gmarket.co.kr/2518975436/still/400?ver=1725116771","sdBrandName":"서울우유","itemPrice":4260,"buyCount":20073,"reviewPoint":{"starPoint":4.78,"reviewCount":4278},"isBigSmileItem":false,"isSoldOut":false,"couponDiscount":{"discountType":"R","discountPrice":"0","discountRate":"15"},"cardDiscount":{"discountRate":0},"sellerInfo":{"sellCustNo":"155104283","sellLoginId":"emartmall2","nickname":"이마트몰쓱배송","isLmoOfficialSeller":false,"isFashionSquareSeller":false,"isBrandOfficialSeller":false},"hasOption":false,"isAdult":false,"isCartVisible":true,"discountRate":0,"sellPrice":4260,"tagLabels":[],"buyUnitCount":1,"deliveryCode":"M","unitPrice":{"unit":100,"unitName":"mL","price":533},"rank":57,"lcode":"100000094","mcode":"200002376","scode":"300021921"},{"itemNo":"2670671386","itemName":"덴마크 드링킹요구르트 플레인 275ml","itemUrl":"https://item.gmarket.co.kr/Item?goodscode=2670671386","imageUrl":"//gdimg.gmarket.co.kr/2670671386/still/400?ver=1725128498","sdBrandName":"동원","itemPrice":2080,"buyCount":14001,"reviewPoint":{"starPoint":4.74,"reviewCount":2386},"isBigSmileItem":false,"isSoldOut":false,"couponDiscount":{"discountType":"R","discountPrice":"0","discountRate":"15"},"cardDiscount":{"discountRate":0},"sellerInfo":{"sellCustNo":"155104283","sellLoginId":"emartmall2","nickname":"이마트몰쓱배송","isLmoOfficialSeller":false,"isFashionSquareSeller":false,"isBrandOfficialSeller":false},"hasOption":false,"isAdult":false,"isCartVisible":true,"discountRate":0,"sellPrice":2080,"tagLabels":[{"code":58,"text":"2개 사면 할인","bgColor":"#19C919"}],"buyUnitCount":1,"deliveryCode":"M","unitPrice":{"unit":10,"unitName":"mL","price":76},"rank":58,"lcode":"100000094","mcode":"200002376","scode":"300008255"},{"itemNo":"2522779896","itemName":"매일우유 저지방 1% 멸균(200mL X 24입)","itemUrl":"https://item.gmarket.co.kr/Item?goodscode=2522779896","imageUrl":"//gdimg.gmarket.co.kr/2522779896/still/400?ver=1725104583","sdBrandName":"매일유업","itemPrice":17800,"buyCount":2842,"reviewPoint":{"starPoint":4.78,"reviewCount":938},"isBigSmileItem":false,"isSoldOut":false,"couponDiscount":{"discountType":"R","discountPrice":"0","discountRate":"15"},"cardDiscount":{"discountRate":0},"sellerInfo":{"sellCustNo":"155104283","sellLoginId":"emartmall2","nickname":"이마트몰쓱배송","isLmoOfficialSeller":false,"isFashionSquareSeller":false,"isBrandOfficialSeller":false},"hasOption":false,"isAdult":false,"isCartVisible":true,"discountRate":0,"sellPrice":17800,"tagLabels":[],"buyUnitCount":1,"deliveryCode":"M","unitPrice":{"unit":100,"unitName":"mL","price":371},"rank":59,"lcode":"100000094","mcode":"200002376","scode":"300021921"},{"itemNo":"2518881939","itemName":"hy 혈행케어 쿠퍼스 140ml4","itemUrl":"https://item.gmarket.co.kr/Item?goodscode=2518881939","imageUrl":"//gdimg.gmarket.co.kr/2518881939/still/400?ver=1725113725","sdBrandName":"에치와이","itemPrice":10800,"buyCount":2600,"reviewPoint":{"starPoint":4.78,"reviewCount":711},"isBigSmileItem":false,"isSoldOut":false,"couponDiscount":{"discountType":"R","discountPrice":"0","discountRate":"15"},"cardDiscount":{"discountRate":0},"sellerInfo":{"sellCustNo":"155104283","sellLoginId":"emartmall2","nickname":"이마트몰쓱배송","isLmoOfficialSeller":false,"isFashionSquareSeller":false,"isBrandOfficialSeller":false},"hasOption":false,"isAdult":false,"isCartVisible":true,"discountRate":0,"sellPrice":10800,"tagLabels":[],"buyUnitCount":1,"deliveryCode":"M","unitPrice":{"unit":10,"unitName":"mL","price":193},"rank":60,"lcode":"100000094","mcode":"200002376","scode":"300008255"}]},"additionalItem":{"items":[]},"pagination":{"currentPageNo":1,"pageSize":60,"totalResultCount":849},"sortOption":"Popularity"},"filterState":[],"bigSmileDay":{"isBigSmileDay":true,"bsdTagImageUrl":"//image.gmarket.co.kr/hanbando/202408/a4e449b9-22a7-4df9-aaa4-148d912fcc83.png","bsdTagAltText":"한가위 빅세일","bsdToggleText":"//image.gmarket.co.kr/hanbando/202408/59082f4f-8cf6-4b62-b345-1072bb0c0d3c.gif","bsdToggleBackGround":"//image.gmarket.co.kr/hanbando/202408/7911f573-e13d-4fcc-80de-3c1fbed2bfdb.png","bsdToggleUseSmileIcon":false,"bsdToggleOnAltText":"한가위 빅세일 필터 ","bsdToggleOffAltText":"한가위 빅세일 필터 "},"isSFC":false}},"__N_SSP":true},"page":"/n/smilefresh/category","query":{"categoryCode":"100001009"},"buildId":"FuleE6RJUYphys9RuEDG0","assetPrefix":"/n/smilefresh","isFallback":false,"gssp":true,"customServer":true,"scriptLoader":[]}</script><script>(function(){function c(){var b=a.contentDocument||a.contentWindow.document;if(b){var d=b.createElement('script');d.innerHTML="window.__CF$cv$params={r:'8bea74f57ebaa7dd',t:'MTcyNTU4Mzc0Mi4wMDAwMDA='};var a=document.createElement('script');a.nonce='';a.src='/cdn-cgi/challenge-platform/scripts/jsd/main.js';document.getElementsByTagName('head')[0].appendChild(a);";b.getElementsByTagName('head')[0].appendChild(d)}}if(document.body){var a=document.createElement('iframe');a.height=1;a.width=1;a.style.position='absolute';a.style.top=0;a.style.left=0;a.style.border='none';a.style.visibility='hidden';document.body.appendChild(a);if('loading'!==document.readyState)c();else if(window.addEventListener)document.addEventListener('DOMContentLoaded',c);else{var e=document.onreadystatechange||function(){};document.onreadystatechange=function(b){e(b);'loading'!==document.readyState&&(document.onreadystatechange=e,c())}}}})();</script></body></html>