<!DOCTYPE html><html lang="ko" class="no-js platform__web os__windows"><head><meta name="viewport" content="width=1260"/><meta charSet="utf-8"/><meta http-equiv="X-UA-Compatible" content="ie=edge"/><meta name="msapplication-starturl" content="https://www.gmarket.co.kr/n/smilefresh"/><meta property="og:site_name" content="Gmarket"/><meta property="og:title" content="[G마켓] 스마일프레시"/><meta property="og:type" content="website"/><meta property="og:image" content="http://pics.gmarket.co.kr/share/G_smilefresh_1.0.png"/><meta http-equiv="x-dns-prefetch-control" content="on"/><link rel="dns-prefetch" href="https://pics.gmarket.co.kr/"/><link rel="dns-prefetch" href="https://script.gmarket.co.kr/"/><link rel="dns-prefetch" href="https://image.gmarket.co.kr/"/><link rel="dns-prefetch" href="https://gdimg.gmarket.co.kr/"/><link rel="dns-prefetch" href="https://ad-img.gmarket.com/"/><meta name="p:domain_verify" content="f439a07b31c110a1a16c9a468a630af9"/><meta property="fb:admins" content="100000991027914"/><link rel="apple-touch-icon-precomposed" href="http://image.gmarket.co.kr/Gmarket_Mobile_v2/icon_01.png"/><link rel="shortcut icon" href="https://image.gmarket.co.kr/favicon/gmarket.ico"/><link rel="stylesheet" href="https://script.gmarket.co.kr/pc/css/ko/common.css"/><link rel="stylesheet" href="https://script.gmarket.co.kr/pc/css/common/kr/ui/common.css"/><link rel="stylesheet" href="https://script.gmarket.co.kr/pc/css/common/kr/swiper.min.css"/><link rel="stylesheet" href="https://script.gmarket.co.kr/pc/css/application/kr/smilefresh/app.css"/><link rel="stylesheet" href="https://script.gmarket.co.kr/pc/css/common/kr/ui/desktop_layout.css"/><link rel="preload" as="script" href="https://script.gmarket.co.kr/mobile/js/common/kr/util/viewability.js"/><link rel="preload" as="script" href="https://script.gmarket.co.kr/js/common/ats_gmkt.js"/><link rel="preload" as="script" href="https://script.gmarket.co.kr/fnp/desktop-layout.js"/><style>img[class*=no-js],.swiper-lazy.swiper-lazy-loaded{opacity:1;transition:opacity 0.2s;}img[src^=data],.swiper-lazy{opacity:0;}</style><title>스마일프레시 - 밀가루/분말류</title><meta name="description" content="밀가루/분말류 카테고리 상품입니다."/><meta property="og:description" content="밀가루/분말류 카테고리 상품입니다."/><meta property="og:url" content="https://www.gmarket.co.kr/n/smilefresh/category?categoryCode=200000104"/><link rel="canonical" href="category@categoryCode=200000104.html"/><link rel="alternate" media="only screen and (max-width: 640px)" href="https://m.gmarket.co.kr/n/smilefresh/category?categoryCode=200000104"/><meta name="next-head-count" content="33"/><noscript data-n-css=""></noscript><script defer="" nomodule="" src="_next/static/chunks/polyfills-c67a75d1b6f99dc8.js"></script><script defer="" nomodule="" src="_next/static/chunks/polyfills-next-pack-2cc6155c435f3c28.js"></script><script src="_next/static/chunks/webpack-d1ca374413357f9c.js" defer=""></script><script src="_next/static/chunks/framework-0bff4c72fef67389.js" defer=""></script><script src="_next/static/chunks/main-92a66ce9cd5c1b79.js" defer=""></script><script src="_next/static/chunks/pages/_app-e41d5dd9fd26cf09.js" defer=""></script><script src="_next/static/chunks/94a7ad86-beff1d5f4916f37c.js" defer=""></script><script src="_next/static/chunks/c30a072d-b284a345e70d4a79.js" defer=""></script><script src="_next/static/chunks/971-4b1e901bc43526de.js" defer=""></script><script src="_next/static/chunks/765-5e6e5dea54f3191b.js" defer=""></script><script src="_next/static/chunks/186-c103d92344bdb142.js" defer=""></script><script src="_next/static/chunks/29-aeaaef68278b881e.js" defer=""></script><script src="_next/static/chunks/401-32b649bde914004a.js" defer=""></script><script src="_next/static/chunks/233-03ce063c0eec1686.js" defer=""></script><script src="_next/static/chunks/37-724e4d76d42b66f8.js" defer=""></script><script src="_next/static/chunks/pages/n/smilefresh/category-17d9bb5cee77eadc.js" defer=""></script><script src="_next/static/FuleE6RJUYphys9RuEDG0/_buildManifest.js" defer=""></script><script src="_next/static/FuleE6RJUYphys9RuEDG0/_ssgManifest.js" defer=""></script></head><body class="smilefresh"><script>document.documentElement.className = document.documentElement.className.replace('no-js', 'js');</script><noscript><iframe src="https://www.googletagmanager.com/ns.html?id=GTM-MFMM9GV" height="0" width="0" style="display:none;visibility:hidden" title="smilefresh"></iframe></noscript><div id="__next" data-reactroot=""><div id="skip-navigation" class="skip-navigation-simpleheader"><strong class="for-a11y">스킵 네비게이션</strong><ul><li><a href="category@categoryCode=200000104.html#skip-navigation-search">검색창 바로가기</a></li><li><a href="category@categoryCode=200000104.html#button__category-all">전체카테고리 바로가기</a></li><li><a href="category@categoryCode=200000104.html#container">본문 바로가기</a></li></ul></div><div style="min-height:40px"></div><h2 class="for-a11y">스마일프레시 검색창</h2><div id="smile_gnb" class="smilefresh_gnb" role="complementary" style="position:relative;top:0;z-index:400"><div class="gnb_container"><div class="layout_left"><div id="_smilelnb" class="corenavi navi_allmenu"><button type="button" class="navi_opener" aria-label="스마일프레시 카테고리 메뉴" aria-expanded="false" aria-controls="smiledelivery_category_list"><p class="for-a11y">전체메뉴</p><em class="ico_hambugermenu"><span class="line1"></span><span class="line2"></span><span class="line3"></span></em></button></div><h1><a title="스마일프레시" href="../smilefresh.html"><img src="https://pics.gmarket.co.kr/pc/single/kr/smilefresh/logo_smilefresh.png" height="32" alt="스마일프레시"/></a></h1><div class="smile_search"><form method="get" action="https://www.gmarket.co.kr/n/smilefresh/search"><div class="search_box"><input type="text" class="search_input_keyword" name="keyword" title="검색어입력" aria-label="스마일프레시 검색 입력" autoComplete="off" spellcheck="false" autoCorrect="off" autoCapitalize="off" value=""/><input type="submit" value="검색" class="search_btn_ok sp_sd" style="cursor:pointer"/></div><div class="suggestion_search"></div></form></div></div><div class="layout_right"><a href="https://myg.gmarket.co.kr/ContractList/ContractList" class="link__my sp_sd--before">장본내역</a><div class="cart_guage"><a href="https://cart.gmarket.co.kr/ko/cart/smilefresh" class="cart sp_sd"><span class="for-a11y">장바구니</span></a><span class="for-a11y">장바구니에 담긴 상품수</span></div></div></div><div class="box__smilefresh"><div class="box__smilefresh-inner"><ul class="list__tab" aria-label="스마일프레시 메뉴"><li><a class="link__tab" href="../smilefresh.html">홈</a></li><li><a class="link__tab" href="brand.html">브랜드</a></li><li><a class="link__tab" href="best.html">베스트</a></li><li><a class="link__tab" href="sale.html">행사중</a></li><li><a class="link__tab" href="freq-buy.html">자주구매</a></li></ul><a href="guide.html" class="link__guide sprite__smilefresh--after">스마일프레시 알아보기</a></div></div></div><div id="container" role="main"><div class="box__component box__smilefresh-delivery"><div class="box__component-inner"><div class="box__delivery-info login"><span class="sprite__smilefresh--before text__address"><span class="text__state">로그인</span>을 진행해 주세요</span><a class="button__address" href="category@categoryCode=200000104.html">로그인</a></div></div></div><div class="box__smilefresh-content box__smilefresh-category"><div class="box__module-wrap"><div class="box__module-inner"><div class="box__module-title"><h1 class="text__title">밀가루/분말류</h1><span class="text__sub-info" aria-live="polite" aria-atomic="true"><span class="text__deco">77개</span>의 상품</span></div><div class="box__indicator"><div class="box__inner"><ul class="list__location"><li class="list-item"><a href="../smilefresh.html" class="link__location">스마일프레시 홈</a></li><li class="list-item"><a class="link__location" href="category@categoryCode=100001016.html">장류/양념/가루/오일</a></li><li class="list-item" aria-current="location"><span class="link__location">밀가루/분말류</span></li></ul><ul class="list__sort" aria-label="정렬 옵션"><li class="sprite__smilefresh--before list-item js-active"><button class="button__sort" aria-current="true">판매인기순</button></li><li class="sprite__smilefresh--before list-item"><button class="button__sort" aria-current="false">낮은가격순</button></li><li class="sprite__smilefresh--before list-item"><button class="button__sort" aria-current="false">높은가격순</button></li></ul></div></div></div></div><div class="box__smilefresh-inner"><div class="wrap__filter"><ul class="list__filter"><li class="wrap__filter-item category active"><button type="button" class="sprite__smilefresh--after button__filter-title" aria-expanded="true"><span class="text__filter-title">카테고리</span></button><div class="wrap__filter-item-content" aria-hidden="false"><button type="button" class="button__goto-category" tabindex="0"><span class="sprite__smilefresh--before text__item-name">장류/양념/가루/오일</span></button><ul aria-label="1단계"></ul><ul class="list__items" aria-label="2단계"><li class="item"><label for="category-depth1-1" class="text__item-name" role="button" tabindex="0" aria-current="false">장류/양념</label><input type="radio" id="category-depth1-1" name="c" value="200000098"/></li><li class="item"><label for="category-depth1-2" class="text__item-name" role="button" tabindex="0" aria-current="false">파스타소스/페스토</label><input type="radio" id="category-depth1-2" name="c" value="200000099"/></li><li class="item"><label for="category-depth1-3" class="text__item-name" role="button" tabindex="0" aria-current="false">케찹/마요네즈/소스</label><input type="radio" id="category-depth1-3" name="c" value="200000100"/></li><li class="item"><label for="category-depth1-4" class="text__item-name" role="button" tabindex="0" aria-current="false">돈까스/스테이크소스</label><input type="radio" id="category-depth1-4" name="c" value="200000101"/></li><li class="item"><label for="category-depth1-5" class="text__item-name" role="button" tabindex="0" aria-current="false">샐러드 드레싱</label><input type="radio" id="category-depth1-5" name="c" value="200000103"/></li><li class="item active"><label for="category-depth1-6" class="text__item-name" role="button" tabindex="0" aria-current="true">밀가루/분말류</label><input type="radio" id="category-depth1-6" name="c" value="200000104" checked=""/></li><li class="item"><label for="category-depth1-7" class="text__item-name" role="button" tabindex="0" aria-current="false">소금/설탕/후추/향신료</label><input type="radio" id="category-depth1-7" name="c" value="200000105"/></li><li class="item"><label for="category-depth1-8" class="text__item-name" role="button" tabindex="0" aria-current="false">조미료/액젓/물엿/식초</label><input type="radio" id="category-depth1-8" name="c" value="200000106"/></li><li class="item"><label for="category-depth1-9" class="text__item-name" role="button" tabindex="0" aria-current="false">식용유/참기름/오일류</label><input type="radio" id="category-depth1-9" name="c" value="200000107"/></li><li class="item"><label for="category-depth1-10" class="text__item-name" role="button" tabindex="0" aria-current="false">조미료/오일 선물세트</label><input type="radio" id="category-depth1-10" name="c" value="200000108"/></li><li class="item"><label for="category-depth1-11" class="text__item-name" role="button" tabindex="0" aria-current="false">시럽/제빵믹스/재료</label><input type="radio" id="category-depth1-11" name="c" value="200000109"/></li></ul></div></li><li class="wrap__filter-item brand active"><button type="button" class="sprite__smilefresh--after button__filter-title" aria-expanded="true"><span class="text__filter-title">브랜드</span></button><div class="wrap__filter-item-content" aria-hidden="false"><ul class="list__items type-checkbox"><li class="item"><input type="checkbox" id="child-brand-checkbox-1" class="sprite__smilefresh form__checkbox" value="24284" name="b" tabindex="0"/><label for="child-brand-checkbox-1" class="text__checkbox">백설</label></li><li class="item"><input type="checkbox" id="child-brand-checkbox-2" class="sprite__smilefresh form__checkbox" value="20142" name="b" tabindex="0"/><label for="child-brand-checkbox-2" class="text__checkbox">곰표</label></li><li class="item"><input type="checkbox" id="child-brand-checkbox-3" class="sprite__smilefresh form__checkbox" value="27774" name="b" tabindex="0"/><label for="child-brand-checkbox-3" class="text__checkbox">오뚜기</label></li><li class="item"><input type="checkbox" id="child-brand-checkbox-4" class="sprite__smilefresh form__checkbox" value="31170" name="b" tabindex="0"/><label for="child-brand-checkbox-4" class="text__checkbox">노브랜드</label></li><li class="item"><input type="checkbox" id="child-brand-checkbox-5" class="sprite__smilefresh form__checkbox" value="81603" name="b" tabindex="0"/><label for="child-brand-checkbox-5" class="text__checkbox">배대감</label></li><li class="item"><input type="checkbox" id="child-brand-checkbox-6" class="sprite__smilefresh form__checkbox" value="50096" name="b" tabindex="0"/><label for="child-brand-checkbox-6" class="text__checkbox">봉평촌</label></li><li class="item"><input type="checkbox" id="child-brand-checkbox-7" class="sprite__smilefresh form__checkbox" value="88866" name="b" tabindex="0"/><label for="child-brand-checkbox-7" class="text__checkbox">자연주의</label></li><li class="item"><input type="checkbox" id="child-brand-checkbox-8" class="sprite__smilefresh form__checkbox" value="20749" name="b" tabindex="0"/><label for="child-brand-checkbox-8" class="text__checkbox">큐원</label></li><li class="item"><input type="checkbox" id="child-brand-checkbox-9" class="sprite__smilefresh form__checkbox" value="72534" name="b" tabindex="0"/><label for="child-brand-checkbox-9" class="text__checkbox">바이오믹스</label></li><li class="item"><input type="checkbox" id="child-brand-checkbox-10" class="sprite__smilefresh form__checkbox" value="128012" name="b" tabindex="0"/><label for="child-brand-checkbox-10" class="text__checkbox">아뺑드</label></li></ul><button type="button" class="button__show-more-list" aria-expanded="false" tabindex="0"><span class="text__show-more-list">더보기</span></button></div></li><li class="wrap__filter-item price active"><button type="button" class="sprite__smilefresh--after button__filter-title" aria-expanded="true"><span class="text__filter-title">가격대</span></button><div class="wrap__filter-item-content" aria-hidden="false"><div class="wrap__set-price"><div class="input__min-price"><label for="price-input-min" class="for-a11y">최저가격을 입력해 주세요.</label><input type="text" id="price-input-min" name="minPrice" class="input__set-price" min="0" inputMode="search" pattern="[0-9]*" autoComplete="off" tabindex="0"/><span class="text__price-unit">원</span></div><span class="text__description">~</span><div class="input__max-price"><label for="price-input-max" class="for-a11y">최고가격을 입력해 주세요.</label><input type="text" id="price-input-max" name="maxPrice" class="input__set-price" min="0" inputMode="search" pattern="[0-9]*" autoComplete="off" tabindex="0"/><span class="text__price-unit">원</span></div><button type="button" class="sprite__smilefresh--before button__set-price-range" tabindex="0"><span class="for-a11y">가격대 설정</span></button></div></div></li><li class="wrap__filter-item research active"><button type="button" class="sprite__smilefresh--after button__filter-title" aria-expanded="true"><span class="text__filter-title">결과 내 재검색</span></button><div class="wrap__filter-item-content" aria-hidden="false"><div class="wrap__research"><div class="input__test"><label for="filter_search" class="for-a11y">키워드를 입력해 주세요.</label><input type="search" id="filter_search" name="keyword" class="input__set-price" inputMode="search" autoComplete="off" tabindex="0"/></div><button type="button" class="sprite__smilefresh--before button__research" tabindex="0"><span class="for-a11y">검색하기</span></button></div></div></li></ul></div><div class="box__content-area"><div class="box__divider"><div class="box__itemcard"><div class="box__items-list"><ul class="list__itemcard-slide"><li class="list-item"><div class="box__itemcard-container"><div class="box__itemcard-body"><div class="box__itemcard-inner"><a class="link__itemcard" href="https://item.gmarket.co.kr/Item?goodscode=3951321519" tabindex="-1" aria-hidden="true"><span class="box__itemcard-img"><img class="image__itemcard no-js-400?ver=1725092694" src="data:image/gif;base64,R0lGODlhAQABAIAAAP///wAAACH5BAEAAAAALAAAAAABAAEAAAICRAEAOw==" alt="오뚜기 부침가루 1kg - 상품 이미지"/><noscript><style>.no-js-400?ver=1725092694 { display: none !important; }</style><img class="image__itemcard" src="https://gdimg.gmarket.co.kr/3951321519/still/400?ver=1725092694" alt="오뚜기 부침가루 1kg - 상품 이미지"/></noscript></span></a><div class="box__itemcard-info"><div class="box__element-info"><div class="element-info-qty"><button aria-describedby="itemCard_title_3951321519" class="sprite__smilefresh--before element-info-qty-minus" aria-disabled="true"><span class="for-a11y">상품 수 <!-- -->1<!-- --> 감소</span></button><span class="element-info-item-qty" aria-describedby="itemCard_title_3951321519"><span class="for-a11y">선택된 수량</span> <!-- -->1</span><button aria-describedby="itemCard_title_3951321519" class="sprite__smilefresh--before element-info-qty-plus"><span class="for-a11y">상품 수 <!-- -->1<!-- --> 증가</span></button></div><button type="button" class="sprite__smilefresh--before element-info-cart" aria-describedby="itemCard_title_3951321519"><span class="for-a11y">장바구니 담기</span></button></div><a href="https://item.gmarket.co.kr/Item?goodscode=3951321519" class="link__itemcard-info"><span class="box__itemcard-title-area" id="itemCard_title_3951321519"><span class="text__brand"><span class="text">오뚜기</span></span><span class="text__title" id="item_title">오뚜기 부침가루 1kg</span></span><span class="box__itemcard-price-area"><span class="box__price-seller"><span class="for-a11y">판매가</span><strong class="text__price-seller">2,980</strong><span class="text__unit">원</span></span><span class="box__prime-cost"><span class="for-a11y">원가</span><span class="text__unit-cost">(<!-- -->100g당 298원<!-- -->)</span></span></span><span class="box__itemcard-info-score"><span class="sprite__smilefresh--before box__score-awards"><span class="for-a11y">평점</span><span class="text text__score">4.8</span><span class="for-a11y">후기</span><span class="text text__num">(112)</span><span class="for-a11y">건</span></span><span class="box__score-buycnt"><span class="text text__buy">구매</span><span class="text text__num">382</span><span class="for-a11y">건</span></span></span><span class="box__itemcard-benefit-tag"><span class="box__tag box__tag-coupon"><span class="sprite__smilefresh--before box__inner">15% 쿠폰</span></span></span></a><button type="button" class="sprite__smilefresh--after button__favorite-item" aria-describedby="itemCard_title_3951321519" aria-pressed="false" aria-label="관심상품 등록하기"></button></div></div></div></div></li><li class="list-item"><div class="box__itemcard-container"><div class="box__itemcard-body"><div class="box__itemcard-inner"><a class="link__itemcard" href="https://item.gmarket.co.kr/Item?goodscode=2518900786" tabindex="-1" aria-hidden="true"><span class="box__itemcard-img"><img class="image__itemcard no-js-400?ver=1725114267" src="data:image/gif;base64,R0lGODlhAQABAIAAAP///wAAACH5BAEAAAAALAAAAAABAAEAAAICRAEAOw==" alt="노브랜드 중력밀가루 1kg - 상품 이미지"/><noscript><style>.no-js-400?ver=1725114267 { display: none !important; }</style><img class="image__itemcard" src="https://gdimg.gmarket.co.kr/2518900786/still/400?ver=1725114267" alt="노브랜드 중력밀가루 1kg - 상품 이미지"/></noscript></span></a><div class="box__itemcard-info"><div class="box__element-info"><div class="element-info-qty"><button aria-describedby="itemCard_title_2518900786" class="sprite__smilefresh--before element-info-qty-minus" aria-disabled="true"><span class="for-a11y">상품 수 <!-- -->1<!-- --> 감소</span></button><span class="element-info-item-qty" aria-describedby="itemCard_title_2518900786"><span class="for-a11y">선택된 수량</span> <!-- -->1</span><button aria-describedby="itemCard_title_2518900786" class="sprite__smilefresh--before element-info-qty-plus"><span class="for-a11y">상품 수 <!-- -->1<!-- --> 증가</span></button></div><button type="button" class="sprite__smilefresh--before element-info-cart" aria-describedby="itemCard_title_2518900786"><span class="for-a11y">장바구니 담기</span></button></div><a href="https://item.gmarket.co.kr/Item?goodscode=2518900786" class="link__itemcard-info"><span class="box__itemcard-title-area" id="itemCard_title_2518900786"><span class="text__brand"><span class="text">노브랜드</span></span><span class="text__title" id="item_title">노브랜드 중력밀가루 1kg</span></span><span class="box__itemcard-price-area"><span class="box__price-seller"><span class="for-a11y">판매가</span><strong class="text__price-seller">1,380</strong><span class="text__unit">원</span></span><span class="box__prime-cost"><span class="for-a11y">원가</span><span class="text__unit-cost">(<!-- -->100g당 138원<!-- -->)</span></span></span><span class="box__itemcard-info-score"><span class="sprite__smilefresh--before box__score-awards"><span class="for-a11y">평점</span><span class="text text__score">4.7</span><span class="for-a11y">후기</span><span class="text text__num">(2,653)</span><span class="for-a11y">건</span></span><span class="box__score-buycnt"><span class="text text__buy">구매</span><span class="text text__num">6,910</span><span class="for-a11y">건</span></span></span></a><button type="button" class="sprite__smilefresh--after button__favorite-item" aria-describedby="itemCard_title_2518900786" aria-pressed="false" aria-label="관심상품 등록하기"></button></div></div></div></div></li><li class="list-item"><div class="box__itemcard-container"><div class="box__itemcard-body"><div class="box__itemcard-inner"><a class="link__itemcard" href="https://item.gmarket.co.kr/Item?goodscode=3951322870" tabindex="-1" aria-hidden="true"><span class="box__itemcard-img"><img class="image__itemcard no-js-400?ver=1725092617" src="data:image/gif;base64,R0lGODlhAQABAIAAAP///wAAACH5BAEAAAAALAAAAAABAAEAAAICRAEAOw==" alt="오뚜기 튀김가루 1kg - 상품 이미지"/><noscript><style>.no-js-400?ver=1725092617 { display: none !important; }</style><img class="image__itemcard" src="https://gdimg.gmarket.co.kr/3951322870/still/400?ver=1725092617" alt="오뚜기 튀김가루 1kg - 상품 이미지"/></noscript></span></a><div class="box__itemcard-info"><div class="box__element-info"><div class="element-info-qty"><button aria-describedby="itemCard_title_3951322870" class="sprite__smilefresh--before element-info-qty-minus" aria-disabled="true"><span class="for-a11y">상품 수 <!-- -->1<!-- --> 감소</span></button><span class="element-info-item-qty" aria-describedby="itemCard_title_3951322870"><span class="for-a11y">선택된 수량</span> <!-- -->1</span><button aria-describedby="itemCard_title_3951322870" class="sprite__smilefresh--before element-info-qty-plus"><span class="for-a11y">상품 수 <!-- -->1<!-- --> 증가</span></button></div><button type="button" class="sprite__smilefresh--before element-info-cart" aria-describedby="itemCard_title_3951322870"><span class="for-a11y">장바구니 담기</span></button></div><a href="https://item.gmarket.co.kr/Item?goodscode=3951322870" class="link__itemcard-info"><span class="box__itemcard-title-area" id="itemCard_title_3951322870"><span class="text__brand"><span class="text">오뚜기</span></span><span class="text__title" id="item_title">오뚜기 튀김가루 1kg</span></span><span class="box__itemcard-price-area"><span class="box__price-seller"><span class="for-a11y">판매가</span><strong class="text__price-seller">2,980</strong><span class="text__unit">원</span></span><span class="box__prime-cost"><span class="for-a11y">원가</span><span class="text__unit-cost">(<!-- -->100g당 298원<!-- -->)</span></span></span><span class="box__itemcard-info-score"><span class="sprite__smilefresh--before box__score-awards"><span class="for-a11y">평점</span><span class="text text__score">4.6</span><span class="for-a11y">후기</span><span class="text text__num">(83)</span><span class="for-a11y">건</span></span><span class="box__score-buycnt"><span class="text text__buy">구매</span><span class="text text__num">315</span><span class="for-a11y">건</span></span></span><span class="box__itemcard-benefit-tag"><span class="box__tag box__tag-coupon"><span class="sprite__smilefresh--before box__inner">15% 쿠폰</span></span></span></a><button type="button" class="sprite__smilefresh--after button__favorite-item" aria-describedby="itemCard_title_3951322870" aria-pressed="false" aria-label="관심상품 등록하기"></button></div></div></div></div></li><li class="list-item"><div class="box__itemcard-container"><div class="box__itemcard-body"><div class="box__itemcard-inner"><a class="link__itemcard" href="https://item.gmarket.co.kr/Item?goodscode=2523610486" tabindex="-1" aria-hidden="true"><span class="box__itemcard-img"><img class="image__itemcard no-js-400?ver=1725102555" src="data:image/gif;base64,R0lGODlhAQABAIAAAP///wAAACH5BAEAAAAALAAAAAABAAEAAAICRAEAOw==" alt="노브랜드 감자맛전분99.9 350g - 상품 이미지"/><noscript><style>.no-js-400?ver=1725102555 { display: none !important; }</style><img class="image__itemcard" src="https://gdimg.gmarket.co.kr/2523610486/still/400?ver=1725102555" alt="노브랜드 감자맛전분99.9 350g - 상품 이미지"/></noscript></span></a><div class="box__itemcard-info"><div class="box__element-info"><div class="element-info-qty"><button aria-describedby="itemCard_title_2523610486" class="sprite__smilefresh--before element-info-qty-minus" aria-disabled="true"><span class="for-a11y">상품 수 <!-- -->1<!-- --> 감소</span></button><span class="element-info-item-qty" aria-describedby="itemCard_title_2523610486"><span class="for-a11y">선택된 수량</span> <!-- -->1</span><button aria-describedby="itemCard_title_2523610486" class="sprite__smilefresh--before element-info-qty-plus"><span class="for-a11y">상품 수 <!-- -->1<!-- --> 증가</span></button></div><button type="button" class="sprite__smilefresh--before element-info-cart" aria-describedby="itemCard_title_2523610486"><span class="for-a11y">장바구니 담기</span></button></div><a href="https://item.gmarket.co.kr/Item?goodscode=2523610486" class="link__itemcard-info"><span class="box__itemcard-title-area" id="itemCard_title_2523610486"><span class="text__title" id="item_title">노브랜드 감자맛전분99.9 350g</span></span><span class="box__itemcard-price-area"><span class="box__price-seller"><span class="for-a11y">판매가</span><strong class="text__price-seller">2,580</strong><span class="text__unit">원</span></span></span><span class="box__itemcard-info-score"><span class="sprite__smilefresh--before box__score-awards"><span class="for-a11y">평점</span><span class="text text__score">4.7</span><span class="for-a11y">후기</span><span class="text text__num">(2,485)</span><span class="for-a11y">건</span></span><span class="box__score-buycnt"><span class="text text__buy">구매</span><span class="text text__num">6,203</span><span class="for-a11y">건</span></span></span></a><button type="button" class="sprite__smilefresh--after button__favorite-item" aria-describedby="itemCard_title_2523610486" aria-pressed="false" aria-label="관심상품 등록하기"></button></div></div></div></div></li><li class="list-item"><div class="box__itemcard-container"><div class="box__itemcard-body"><div class="box__itemcard-inner"><span class="box__thumbnail__label">전단상품</span><a class="link__itemcard" href="https://item.gmarket.co.kr/Item?goodscode=2559636870" tabindex="-1" aria-hidden="true"><span class="box__itemcard-img"><img class="image__itemcard no-js-400?ver=1725088118" src="data:image/gif;base64,R0lGODlhAQABAIAAAP///wAAACH5BAEAAAAALAAAAAABAAEAAAICRAEAOw==" alt="백설 중력 밀가루(다목적용) 1kg - 상품 이미지"/><noscript><style>.no-js-400?ver=1725088118 { display: none !important; }</style><img class="image__itemcard" src="https://gdimg.gmarket.co.kr/2559636870/still/400?ver=1725088118" alt="백설 중력 밀가루(다목적용) 1kg - 상품 이미지"/></noscript></span></a><div class="box__itemcard-info"><div class="box__element-info"><div class="element-info-qty"><button aria-describedby="itemCard_title_2559636870" class="sprite__smilefresh--before element-info-qty-minus" aria-disabled="true"><span class="for-a11y">상품 수 <!-- -->1<!-- --> 감소</span></button><span class="element-info-item-qty" aria-describedby="itemCard_title_2559636870"><span class="for-a11y">선택된 수량</span> <!-- -->1</span><button aria-describedby="itemCard_title_2559636870" class="sprite__smilefresh--before element-info-qty-plus"><span class="for-a11y">상품 수 <!-- -->1<!-- --> 증가</span></button></div><button type="button" class="sprite__smilefresh--before element-info-cart" aria-describedby="itemCard_title_2559636870"><span class="for-a11y">장바구니 담기</span></button></div><a href="https://item.gmarket.co.kr/Item?goodscode=2559636870" class="link__itemcard-info"><span class="box__itemcard-title-area" id="itemCard_title_2559636870"><span class="text__brand"><span class="text">백설</span></span><span class="text__title" id="item_title">백설 중력 밀가루(다목적용) 1kg</span></span><span class="box__itemcard-price-area"><span class="box__price-seller"><span class="for-a11y">판매가</span><strong class="text__price-seller">1,710</strong><span class="text__unit">원</span></span><span class="box__prime-cost"><span class="for-a11y">원가</span><span class="text__unit-cost">(<!-- -->100g당 171원<!-- -->)</span></span></span><span class="box__itemcard-info-score"><span class="sprite__smilefresh--before box__score-awards"><span class="for-a11y">평점</span><span class="text text__score">4.7</span><span class="for-a11y">후기</span><span class="text text__num">(381)</span><span class="for-a11y">건</span></span><span class="box__score-buycnt"><span class="text text__buy">구매</span><span class="text text__num">1,197</span><span class="for-a11y">건</span></span></span><span class="box__itemcard-benefit-tag"><span class="box__tag box__tag-coupon"><span class="sprite__smilefresh--before box__inner">15% 쿠폰</span></span></span></a><button type="button" class="sprite__smilefresh--after button__favorite-item" aria-describedby="itemCard_title_2559636870" aria-pressed="false" aria-label="관심상품 등록하기"></button></div></div></div></div></li><li class="list-item"><div class="box__itemcard-container"><div class="box__itemcard-body"><div class="box__itemcard-inner"><a class="link__itemcard" href="https://item.gmarket.co.kr/Item?goodscode=2554386642" tabindex="-1" aria-hidden="true"><span class="box__itemcard-img"><img class="image__itemcard no-js-400?ver=1725124035" src="data:image/gif;base64,R0lGODlhAQABAIAAAP///wAAACH5BAEAAAAALAAAAAABAAEAAAICRAEAOw==" alt="노브랜드 껍질벗긴 들깨가루 300g - 상품 이미지"/><noscript><style>.no-js-400?ver=1725124035 { display: none !important; }</style><img class="image__itemcard" src="https://gdimg.gmarket.co.kr/2554386642/still/400?ver=1725124035" alt="노브랜드 껍질벗긴 들깨가루 300g - 상품 이미지"/></noscript></span></a><div class="box__itemcard-info"><div class="box__element-info"><div class="element-info-qty"><button aria-describedby="itemCard_title_2554386642" class="sprite__smilefresh--before element-info-qty-minus" aria-disabled="true"><span class="for-a11y">상품 수 <!-- -->1<!-- --> 감소</span></button><span class="element-info-item-qty" aria-describedby="itemCard_title_2554386642"><span class="for-a11y">선택된 수량</span> <!-- -->1</span><button aria-describedby="itemCard_title_2554386642" class="sprite__smilefresh--before element-info-qty-plus"><span class="for-a11y">상품 수 <!-- -->1<!-- --> 증가</span></button></div><button type="button" class="sprite__smilefresh--before element-info-cart" aria-describedby="itemCard_title_2554386642"><span class="for-a11y">장바구니 담기</span></button></div><a href="https://item.gmarket.co.kr/Item?goodscode=2554386642" class="link__itemcard-info"><span class="box__itemcard-title-area" id="itemCard_title_2554386642"><span class="text__title" id="item_title">노브랜드 껍질벗긴 들깨가루 300g</span></span><span class="box__itemcard-price-area"><span class="box__price-seller"><span class="for-a11y">판매가</span><strong class="text__price-seller">7,880</strong><span class="text__unit">원</span></span></span><span class="box__itemcard-info-score"><span class="sprite__smilefresh--before box__score-awards"><span class="for-a11y">평점</span><span class="text text__score">4.7</span><span class="for-a11y">후기</span><span class="text text__num">(765)</span><span class="for-a11y">건</span></span><span class="box__score-buycnt"><span class="text text__buy">구매</span><span class="text text__num">1,626</span><span class="for-a11y">건</span></span></span></a><button type="button" class="sprite__smilefresh--after button__favorite-item" aria-describedby="itemCard_title_2554386642" aria-pressed="false" aria-label="관심상품 등록하기"></button></div></div></div></div></li><li class="list-item"><div class="box__itemcard-container"><div class="box__itemcard-body"><div class="box__itemcard-inner"><a class="link__itemcard" href="https://item.gmarket.co.kr/Item?goodscode=2518478827" tabindex="-1" aria-hidden="true"><span class="box__itemcard-img"><img class="image__itemcard no-js-400?ver=1725092513" src="data:image/gif;base64,R0lGODlhAQABAIAAAP///wAAACH5BAEAAAAALAAAAAABAAEAAAICRAEAOw==" alt="백설  통감자를 갈아넣은 바삭 부침가루 1kg - 상품 이미지"/><noscript><style>.no-js-400?ver=1725092513 { display: none !important; }</style><img class="image__itemcard" src="https://gdimg.gmarket.co.kr/2518478827/still/400?ver=1725092513" alt="백설  통감자를 갈아넣은 바삭 부침가루 1kg - 상품 이미지"/></noscript></span></a><div class="box__itemcard-info"><div class="box__element-info"><div class="element-info-qty"><button aria-describedby="itemCard_title_2518478827" class="sprite__smilefresh--before element-info-qty-minus" aria-disabled="true"><span class="for-a11y">상품 수 <!-- -->1<!-- --> 감소</span></button><span class="element-info-item-qty" aria-describedby="itemCard_title_2518478827"><span class="for-a11y">선택된 수량</span> <!-- -->1</span><button aria-describedby="itemCard_title_2518478827" class="sprite__smilefresh--before element-info-qty-plus"><span class="for-a11y">상품 수 <!-- -->1<!-- --> 증가</span></button></div><button type="button" class="sprite__smilefresh--before element-info-cart" aria-describedby="itemCard_title_2518478827"><span class="for-a11y">장바구니 담기</span></button></div><a href="https://item.gmarket.co.kr/Item?goodscode=2518478827" class="link__itemcard-info"><span class="box__itemcard-title-area" id="itemCard_title_2518478827"><span class="text__brand"><span class="text">백설</span></span><span class="text__title" id="item_title">백설  통감자를 갈아넣은 바삭 부침가루 1kg</span></span><span class="box__itemcard-price-area"><span class="box__price-seller"><span class="for-a11y">판매가</span><strong class="text__price-seller">3,280</strong><span class="text__unit">원</span></span><span class="box__prime-cost"><span class="for-a11y">원가</span><span class="text__unit-cost">(<!-- -->100g당 328원<!-- -->)</span></span></span><span class="box__itemcard-info-score"><span class="sprite__smilefresh--before box__score-awards"><span class="for-a11y">평점</span><span class="text text__score">4.8</span><span class="for-a11y">후기</span><span class="text text__num">(1,011)</span><span class="for-a11y">건</span></span><span class="box__score-buycnt"><span class="text text__buy">구매</span><span class="text text__num">2,618</span><span class="for-a11y">건</span></span></span><span class="box__itemcard-benefit-tag"><span class="box__tag box__tag-coupon"><span class="sprite__smilefresh--before box__inner">15% 쿠폰</span></span></span></a><button type="button" class="sprite__smilefresh--after button__favorite-item" aria-describedby="itemCard_title_2518478827" aria-pressed="false" aria-label="관심상품 등록하기"></button></div></div></div></div></li><li class="list-item"><div class="box__itemcard-container"><div class="box__itemcard-body"><div class="box__itemcard-inner"><a class="link__itemcard" href="https://item.gmarket.co.kr/Item?goodscode=2518496734" tabindex="-1" aria-hidden="true"><span class="box__itemcard-img"><img class="image__itemcard no-js-400?ver=1725092613" src="data:image/gif;base64,R0lGODlhAQABAIAAAP///wAAACH5BAEAAAAALAAAAAABAAEAAAICRAEAOw==" alt="오뚜기 빵가루 500g - 상품 이미지"/><noscript><style>.no-js-400?ver=1725092613 { display: none !important; }</style><img class="image__itemcard" src="https://gdimg.gmarket.co.kr/2518496734/still/400?ver=1725092613" alt="오뚜기 빵가루 500g - 상품 이미지"/></noscript></span></a><div class="box__itemcard-info"><div class="box__element-info"><div class="element-info-qty"><button aria-describedby="itemCard_title_2518496734" class="sprite__smilefresh--before element-info-qty-minus" aria-disabled="true"><span class="for-a11y">상품 수 <!-- -->1<!-- --> 감소</span></button><span class="element-info-item-qty" aria-describedby="itemCard_title_2518496734"><span class="for-a11y">선택된 수량</span> <!-- -->1</span><button aria-describedby="itemCard_title_2518496734" class="sprite__smilefresh--before element-info-qty-plus"><span class="for-a11y">상품 수 <!-- -->1<!-- --> 증가</span></button></div><button type="button" class="sprite__smilefresh--before element-info-cart" aria-describedby="itemCard_title_2518496734"><span class="for-a11y">장바구니 담기</span></button></div><a href="https://item.gmarket.co.kr/Item?goodscode=2518496734" class="link__itemcard-info"><span class="box__itemcard-title-area" id="itemCard_title_2518496734"><span class="text__brand"><span class="text">오뚜기</span></span><span class="text__title" id="item_title">오뚜기 빵가루 500g</span></span><span class="box__itemcard-price-area"><span class="box__price-seller"><span class="for-a11y">판매가</span><strong class="text__price-seller">3,680</strong><span class="text__unit">원</span></span><span class="box__prime-cost"><span class="for-a11y">원가</span><span class="text__unit-cost">(<!-- -->100g당 736원<!-- -->)</span></span></span><span class="box__itemcard-info-score"><span class="sprite__smilefresh--before box__score-awards"><span class="for-a11y">평점</span><span class="text text__score">4.8</span><span class="for-a11y">후기</span><span class="text text__num">(825)</span><span class="for-a11y">건</span></span><span class="box__score-buycnt"><span class="text text__buy">구매</span><span class="text text__num">2,036</span><span class="for-a11y">건</span></span></span><span class="box__itemcard-benefit-tag"><span class="box__tag box__tag-coupon"><span class="sprite__smilefresh--before box__inner">15% 쿠폰</span></span></span></a><button type="button" class="sprite__smilefresh--after button__favorite-item" aria-describedby="itemCard_title_2518496734" aria-pressed="false" aria-label="관심상품 등록하기"></button></div></div></div></div></li><li class="list-item"><div class="box__itemcard-container"><div class="box__itemcard-body"><div class="box__itemcard-inner"><a class="link__itemcard" href="https://item.gmarket.co.kr/Item?goodscode=2518798833" tabindex="-1" aria-hidden="true"><span class="box__itemcard-img"><img class="image__itemcard no-js-400?ver=1725091472" src="data:image/gif;base64,R0lGODlhAQABAIAAAP///wAAACH5BAEAAAAALAAAAAABAAEAAAICRAEAOw==" alt="CJ 백설 5가지재료 부침가루1kg - 상품 이미지"/><noscript><style>.no-js-400?ver=1725091472 { display: none !important; }</style><img class="image__itemcard" src="https://gdimg.gmarket.co.kr/2518798833/still/400?ver=1725091472" alt="CJ 백설 5가지재료 부침가루1kg - 상품 이미지"/></noscript></span></a><div class="box__itemcard-info"><div class="box__element-info"><div class="element-info-qty"><button aria-describedby="itemCard_title_2518798833" class="sprite__smilefresh--before element-info-qty-minus" aria-disabled="true"><span class="for-a11y">상품 수 <!-- -->1<!-- --> 감소</span></button><span class="element-info-item-qty" aria-describedby="itemCard_title_2518798833"><span class="for-a11y">선택된 수량</span> <!-- -->1</span><button aria-describedby="itemCard_title_2518798833" class="sprite__smilefresh--before element-info-qty-plus"><span class="for-a11y">상품 수 <!-- -->1<!-- --> 증가</span></button></div><button type="button" class="sprite__smilefresh--before element-info-cart" aria-describedby="itemCard_title_2518798833"><span class="for-a11y">장바구니 담기</span></button></div><a href="https://item.gmarket.co.kr/Item?goodscode=2518798833" class="link__itemcard-info"><span class="box__itemcard-title-area" id="itemCard_title_2518798833"><span class="text__brand"><span class="text">백설</span></span><span class="text__title" id="item_title">CJ 백설 5가지재료 부침가루1kg</span></span><span class="box__itemcard-price-area"><span class="box__price-seller"><span class="for-a11y">판매가</span><strong class="text__price-seller">3,180</strong><span class="text__unit">원</span></span><span class="box__prime-cost"><span class="for-a11y">원가</span><span class="text__unit-cost">(<!-- -->100g당 318원<!-- -->)</span></span></span><span class="box__itemcard-info-score"><span class="sprite__smilefresh--before box__score-awards"><span class="for-a11y">평점</span><span class="text text__score">4.7</span><span class="for-a11y">후기</span><span class="text text__num">(859)</span><span class="for-a11y">건</span></span><span class="box__score-buycnt"><span class="text text__buy">구매</span><span class="text text__num">2,614</span><span class="for-a11y">건</span></span></span><span class="box__itemcard-benefit-tag"><span class="box__tag box__tag-coupon"><span class="sprite__smilefresh--before box__inner">15% 쿠폰</span></span></span></a><button type="button" class="sprite__smilefresh--after button__favorite-item" aria-describedby="itemCard_title_2518798833" aria-pressed="false" aria-label="관심상품 등록하기"></button></div></div></div></div></li><li class="list-item"><div class="box__itemcard-container"><div class="box__itemcard-body"><div class="box__itemcard-inner"><a class="link__itemcard" href="https://item.gmarket.co.kr/Item?goodscode=3951320442" tabindex="-1" aria-hidden="true"><span class="box__itemcard-img"><img class="image__itemcard no-js-400?ver=1725092714" src="data:image/gif;base64,R0lGODlhAQABAIAAAP///wAAACH5BAEAAAAALAAAAAABAAEAAAICRAEAOw==" alt="곰표 중력 밀가루 1kg - 상품 이미지"/><noscript><style>.no-js-400?ver=1725092714 { display: none !important; }</style><img class="image__itemcard" src="https://gdimg.gmarket.co.kr/3951320442/still/400?ver=1725092714" alt="곰표 중력 밀가루 1kg - 상품 이미지"/></noscript></span></a><div class="box__itemcard-info"><div class="box__element-info"><div class="element-info-qty"><button aria-describedby="itemCard_title_3951320442" class="sprite__smilefresh--before element-info-qty-minus" aria-disabled="true"><span class="for-a11y">상품 수 <!-- -->1<!-- --> 감소</span></button><span class="element-info-item-qty" aria-describedby="itemCard_title_3951320442"><span class="for-a11y">선택된 수량</span> <!-- -->1</span><button aria-describedby="itemCard_title_3951320442" class="sprite__smilefresh--before element-info-qty-plus"><span class="for-a11y">상품 수 <!-- -->1<!-- --> 증가</span></button></div><button type="button" class="sprite__smilefresh--before element-info-cart" aria-describedby="itemCard_title_3951320442"><span class="for-a11y">장바구니 담기</span></button></div><a href="https://item.gmarket.co.kr/Item?goodscode=3951320442" class="link__itemcard-info"><span class="box__itemcard-title-area" id="itemCard_title_3951320442"><span class="text__brand"><span class="text">곰표</span></span><span class="text__title" id="item_title">곰표 중력 밀가루 1kg</span></span><span class="box__itemcard-price-area"><span class="box__price-seller"><span class="for-a11y">판매가</span><strong class="text__price-seller">1,610</strong><span class="text__unit">원</span></span><span class="box__prime-cost"><span class="for-a11y">원가</span><span class="text__unit-cost">(<!-- -->100g당 161원<!-- -->)</span></span></span><span class="box__itemcard-info-score"><span class="sprite__smilefresh--before box__score-awards"><span class="for-a11y">평점</span><span class="text text__score">4.8</span><span class="for-a11y">후기</span><span class="text text__num">(77)</span><span class="for-a11y">건</span></span><span class="box__score-buycnt"><span class="text text__buy">구매</span><span class="text text__num">253</span><span class="for-a11y">건</span></span></span><span class="box__itemcard-benefit-tag"><span class="box__tag box__tag-coupon"><span class="sprite__smilefresh--before box__inner">15% 쿠폰</span></span></span></a><button type="button" class="sprite__smilefresh--after button__favorite-item" aria-describedby="itemCard_title_3951320442" aria-pressed="false" aria-label="관심상품 등록하기"></button></div></div></div></div></li><li class="list-item"><div class="box__itemcard-container"><div class="box__itemcard-body"><div class="box__itemcard-inner"><a class="link__itemcard" href="https://item.gmarket.co.kr/Item?goodscode=2522712384" tabindex="-1" aria-hidden="true"><span class="box__itemcard-img"><img class="image__itemcard no-js-400?ver=1725103605" src="data:image/gif;base64,R0lGODlhAQABAIAAAP///wAAACH5BAEAAAAALAAAAAABAAEAAAICRAEAOw==" alt="노브랜드 간편한감자전믹스 200g - 상품 이미지"/><noscript><style>.no-js-400?ver=1725103605 { display: none !important; }</style><img class="image__itemcard" src="https://gdimg.gmarket.co.kr/2522712384/still/400?ver=1725103605" alt="노브랜드 간편한감자전믹스 200g - 상품 이미지"/></noscript></span></a><div class="box__itemcard-info"><div class="box__element-info"><div class="element-info-qty"><button aria-describedby="itemCard_title_2522712384" class="sprite__smilefresh--before element-info-qty-minus" aria-disabled="true"><span class="for-a11y">상품 수 <!-- -->1<!-- --> 감소</span></button><span class="element-info-item-qty" aria-describedby="itemCard_title_2522712384"><span class="for-a11y">선택된 수량</span> <!-- -->1</span><button aria-describedby="itemCard_title_2522712384" class="sprite__smilefresh--before element-info-qty-plus"><span class="for-a11y">상품 수 <!-- -->1<!-- --> 증가</span></button></div><button type="button" class="sprite__smilefresh--before element-info-cart" aria-describedby="itemCard_title_2522712384"><span class="for-a11y">장바구니 담기</span></button></div><a href="https://item.gmarket.co.kr/Item?goodscode=2522712384" class="link__itemcard-info"><span class="box__itemcard-title-area" id="itemCard_title_2522712384"><span class="text__brand"><span class="text">노브랜드</span></span><span class="text__title" id="item_title">노브랜드 간편한감자전믹스 200g</span></span><span class="box__itemcard-price-area"><span class="box__price-seller"><span class="for-a11y">판매가</span><strong class="text__price-seller">2,580</strong><span class="text__unit">원</span></span><span class="box__prime-cost"><span class="for-a11y">원가</span><span class="text__unit-cost">(<!-- -->100g당 1,290원<!-- -->)</span></span></span><span class="box__itemcard-info-score"><span class="sprite__smilefresh--before box__score-awards"><span class="for-a11y">평점</span><span class="text text__score">4.7</span><span class="for-a11y">후기</span><span class="text text__num">(2,231)</span><span class="for-a11y">건</span></span><span class="box__score-buycnt"><span class="text text__buy">구매</span><span class="text text__num">8,758</span><span class="for-a11y">건</span></span></span></a><button type="button" class="sprite__smilefresh--after button__favorite-item" aria-describedby="itemCard_title_2522712384" aria-pressed="false" aria-label="관심상품 등록하기"></button></div></div></div></div></li><li class="list-item"><div class="box__itemcard-container"><div class="box__itemcard-body"><div class="box__itemcard-inner"><a class="link__itemcard" href="https://item.gmarket.co.kr/Item?goodscode=2522526519" tabindex="-1" aria-hidden="true"><span class="box__itemcard-img"><img class="image__itemcard no-js-400?ver=1725102548" src="data:image/gif;base64,R0lGODlhAQABAIAAAP///wAAACH5BAEAAAAALAAAAAABAAEAAAICRAEAOw==" alt="노브랜드 튀김가루 1.2kg - 상품 이미지"/><noscript><style>.no-js-400?ver=1725102548 { display: none !important; }</style><img class="image__itemcard" src="https://gdimg.gmarket.co.kr/2522526519/still/400?ver=1725102548" alt="노브랜드 튀김가루 1.2kg - 상품 이미지"/></noscript></span></a><div class="box__itemcard-info"><div class="box__element-info"><div class="element-info-qty"><button aria-describedby="itemCard_title_2522526519" class="sprite__smilefresh--before element-info-qty-minus" aria-disabled="true"><span class="for-a11y">상품 수 <!-- -->1<!-- --> 감소</span></button><span class="element-info-item-qty" aria-describedby="itemCard_title_2522526519"><span class="for-a11y">선택된 수량</span> <!-- -->1</span><button aria-describedby="itemCard_title_2522526519" class="sprite__smilefresh--before element-info-qty-plus"><span class="for-a11y">상품 수 <!-- -->1<!-- --> 증가</span></button></div><button type="button" class="sprite__smilefresh--before element-info-cart" aria-describedby="itemCard_title_2522526519"><span class="for-a11y">장바구니 담기</span></button></div><a href="https://item.gmarket.co.kr/Item?goodscode=2522526519" class="link__itemcard-info"><span class="box__itemcard-title-area" id="itemCard_title_2522526519"><span class="text__brand"><span class="text">노브랜드</span></span><span class="text__title" id="item_title">노브랜드 튀김가루 1.2kg</span></span><span class="box__itemcard-price-area"><span class="box__price-seller"><span class="for-a11y">판매가</span><strong class="text__price-seller">2,680</strong><span class="text__unit">원</span></span><span class="box__prime-cost"><span class="for-a11y">원가</span><span class="text__unit-cost">(<!-- -->100g당 223원<!-- -->)</span></span></span><span class="box__itemcard-info-score"><span class="sprite__smilefresh--before box__score-awards"><span class="for-a11y">평점</span><span class="text text__score">4.8</span><span class="for-a11y">후기</span><span class="text text__num">(904)</span><span class="for-a11y">건</span></span><span class="box__score-buycnt"><span class="text text__buy">구매</span><span class="text text__num">1,576</span><span class="for-a11y">건</span></span></span></a><button type="button" class="sprite__smilefresh--after button__favorite-item" aria-describedby="itemCard_title_2522526519" aria-pressed="false" aria-label="관심상품 등록하기"></button></div></div></div></div></li><li class="list-item"><div class="box__itemcard-container"><div class="box__itemcard-body"><div class="box__itemcard-inner"><a class="link__itemcard" href="https://item.gmarket.co.kr/Item?goodscode=2518404949" tabindex="-1" aria-hidden="true"><span class="box__itemcard-img"><img class="image__itemcard no-js-400?ver=1725088121" src="data:image/gif;base64,R0lGODlhAQABAIAAAP///wAAACH5BAEAAAAALAAAAAABAAEAAAICRAEAOw==" alt="백설 찰밀가루 2.5kg - 상품 이미지"/><noscript><style>.no-js-400?ver=1725088121 { display: none !important; }</style><img class="image__itemcard" src="https://gdimg.gmarket.co.kr/2518404949/still/400?ver=1725088121" alt="백설 찰밀가루 2.5kg - 상품 이미지"/></noscript></span></a><div class="box__itemcard-info"><div class="box__element-info"><div class="element-info-qty"><button aria-describedby="itemCard_title_2518404949" class="sprite__smilefresh--before element-info-qty-minus" aria-disabled="true"><span class="for-a11y">상품 수 <!-- -->1<!-- --> 감소</span></button><span class="element-info-item-qty" aria-describedby="itemCard_title_2518404949"><span class="for-a11y">선택된 수량</span> <!-- -->1</span><button aria-describedby="itemCard_title_2518404949" class="sprite__smilefresh--before element-info-qty-plus"><span class="for-a11y">상품 수 <!-- -->1<!-- --> 증가</span></button></div><button type="button" class="sprite__smilefresh--before element-info-cart" aria-describedby="itemCard_title_2518404949"><span class="for-a11y">장바구니 담기</span></button></div><a href="https://item.gmarket.co.kr/Item?goodscode=2518404949" class="link__itemcard-info"><span class="box__itemcard-title-area" id="itemCard_title_2518404949"><span class="text__brand"><span class="text">백설</span></span><span class="text__title" id="item_title">백설 찰밀가루 2.5kg</span></span><span class="box__itemcard-price-area"><span class="box__price-seller"><span class="for-a11y">판매가</span><strong class="text__price-seller">5,950</strong><span class="text__unit">원</span></span><span class="box__prime-cost"><span class="for-a11y">원가</span><span class="text__unit-cost">(<!-- -->100g당 238원<!-- -->)</span></span></span><span class="box__itemcard-info-score"><span class="sprite__smilefresh--before box__score-awards"><span class="for-a11y">평점</span><span class="text text__score">4.8</span><span class="for-a11y">후기</span><span class="text text__num">(333)</span><span class="for-a11y">건</span></span><span class="box__score-buycnt"><span class="text text__buy">구매</span><span class="text text__num">876</span><span class="for-a11y">건</span></span></span><span class="box__itemcard-benefit-tag"><span class="box__tag box__tag-coupon"><span class="sprite__smilefresh--before box__inner">15% 쿠폰</span></span></span></a><button type="button" class="sprite__smilefresh--after button__favorite-item" aria-describedby="itemCard_title_2518404949" aria-pressed="false" aria-label="관심상품 등록하기"></button></div></div></div></div></li><li class="list-item"><div class="box__itemcard-container"><div class="box__itemcard-body"><div class="box__itemcard-inner"><a class="link__itemcard" href="https://item.gmarket.co.kr/Item?goodscode=2518870444" tabindex="-1" aria-hidden="true"><span class="box__itemcard-img"><img class="image__itemcard no-js-400?ver=1725091736" src="data:image/gif;base64,R0lGODlhAQABAIAAAP///wAAACH5BAEAAAAALAAAAAABAAEAAAICRAEAOw==" alt="CJ 백설 5가지재료 튀김가루 1kg - 상품 이미지"/><noscript><style>.no-js-400?ver=1725091736 { display: none !important; }</style><img class="image__itemcard" src="https://gdimg.gmarket.co.kr/2518870444/still/400?ver=1725091736" alt="CJ 백설 5가지재료 튀김가루 1kg - 상품 이미지"/></noscript></span></a><div class="box__itemcard-info"><div class="box__element-info"><div class="element-info-qty"><button aria-describedby="itemCard_title_2518870444" class="sprite__smilefresh--before element-info-qty-minus" aria-disabled="true"><span class="for-a11y">상품 수 <!-- -->1<!-- --> 감소</span></button><span class="element-info-item-qty" aria-describedby="itemCard_title_2518870444"><span class="for-a11y">선택된 수량</span> <!-- -->1</span><button aria-describedby="itemCard_title_2518870444" class="sprite__smilefresh--before element-info-qty-plus"><span class="for-a11y">상품 수 <!-- -->1<!-- --> 증가</span></button></div><button type="button" class="sprite__smilefresh--before element-info-cart" aria-describedby="itemCard_title_2518870444"><span class="for-a11y">장바구니 담기</span></button></div><a href="https://item.gmarket.co.kr/Item?goodscode=2518870444" class="link__itemcard-info"><span class="box__itemcard-title-area" id="itemCard_title_2518870444"><span class="text__brand"><span class="text">백설</span></span><span class="text__title" id="item_title">CJ 백설 5가지재료 튀김가루 1kg</span></span><span class="box__itemcard-price-area"><span class="box__price-seller"><span class="for-a11y">판매가</span><strong class="text__price-seller">3,180</strong><span class="text__unit">원</span></span><span class="box__prime-cost"><span class="for-a11y">원가</span><span class="text__unit-cost">(<!-- -->100g당 318원<!-- -->)</span></span></span><span class="box__itemcard-info-score"><span class="sprite__smilefresh--before box__score-awards"><span class="for-a11y">평점</span><span class="text text__score">4.8</span><span class="for-a11y">후기</span><span class="text text__num">(579)</span><span class="for-a11y">건</span></span><span class="box__score-buycnt"><span class="text text__buy">구매</span><span class="text text__num">1,284</span><span class="for-a11y">건</span></span></span><span class="box__itemcard-benefit-tag"><span class="box__tag box__tag-coupon"><span class="sprite__smilefresh--before box__inner">15% 쿠폰</span></span></span></a><button type="button" class="sprite__smilefresh--after button__favorite-item" aria-describedby="itemCard_title_2518870444" aria-pressed="false" aria-label="관심상품 등록하기"></button></div></div></div></div></li><li class="list-item"><div class="box__itemcard-container"><div class="box__itemcard-body"><div class="box__itemcard-inner"><a class="link__itemcard" href="https://item.gmarket.co.kr/Item?goodscode=2519412791" tabindex="-1" aria-hidden="true"><span class="box__itemcard-img"><img class="image__itemcard no-js-400?ver=1725122571" src="data:image/gif;base64,R0lGODlhAQABAIAAAP///wAAACH5BAEAAAAALAAAAAABAAEAAAICRAEAOw==" alt="곰표 박력 밀가루 1kg - 상품 이미지"/><noscript><style>.no-js-400?ver=1725122571 { display: none !important; }</style><img class="image__itemcard" src="https://gdimg.gmarket.co.kr/2519412791/still/400?ver=1725122571" alt="곰표 박력 밀가루 1kg - 상품 이미지"/></noscript></span></a><div class="box__itemcard-info"><div class="box__element-info"><div class="element-info-qty"><button aria-describedby="itemCard_title_2519412791" class="sprite__smilefresh--before element-info-qty-minus" aria-disabled="true"><span class="for-a11y">상품 수 <!-- -->1<!-- --> 감소</span></button><span class="element-info-item-qty" aria-describedby="itemCard_title_2519412791"><span class="for-a11y">선택된 수량</span> <!-- -->1</span><button aria-describedby="itemCard_title_2519412791" class="sprite__smilefresh--before element-info-qty-plus"><span class="for-a11y">상품 수 <!-- -->1<!-- --> 증가</span></button></div><button type="button" class="sprite__smilefresh--before element-info-cart" aria-describedby="itemCard_title_2519412791"><span class="for-a11y">장바구니 담기</span></button></div><a href="https://item.gmarket.co.kr/Item?goodscode=2519412791" class="link__itemcard-info"><span class="box__itemcard-title-area" id="itemCard_title_2519412791"><span class="text__brand"><span class="text">곰표</span></span><span class="text__title" id="item_title">곰표 박력 밀가루 1kg</span></span><span class="box__itemcard-price-area"><span class="box__price-seller"><span class="for-a11y">판매가</span><strong class="text__price-seller">2,220</strong><span class="text__unit">원</span></span><span class="box__prime-cost"><span class="for-a11y">원가</span><span class="text__unit-cost">(<!-- -->100g당 222원<!-- -->)</span></span></span><span class="box__itemcard-info-score"><span class="sprite__smilefresh--before box__score-awards"><span class="for-a11y">평점</span><span class="text text__score">4.8</span><span class="for-a11y">후기</span><span class="text text__num">(171)</span><span class="for-a11y">건</span></span><span class="box__score-buycnt"><span class="text text__buy">구매</span><span class="text text__num">669</span><span class="for-a11y">건</span></span></span><span class="box__itemcard-benefit-tag"><span class="box__tag box__tag-coupon"><span class="sprite__smilefresh--before box__inner">15% 쿠폰</span></span></span></a><button type="button" class="sprite__smilefresh--after button__favorite-item" aria-describedby="itemCard_title_2519412791" aria-pressed="false" aria-label="관심상품 등록하기"></button></div></div></div></div></li><li class="list-item"><div class="box__itemcard-container"><div class="box__itemcard-body"><div class="box__itemcard-inner"><a class="link__itemcard" href="https://item.gmarket.co.kr/Item?goodscode=2522523370" tabindex="-1" aria-hidden="true"><span class="box__itemcard-img"><img class="image__itemcard no-js-400?ver=1725102619" src="data:image/gif;base64,R0lGODlhAQABAIAAAP///wAAACH5BAEAAAAALAAAAAABAAEAAAICRAEAOw==" alt="배대감 찹쌀가루 400g - 상품 이미지"/><noscript><style>.no-js-400?ver=1725102619 { display: none !important; }</style><img class="image__itemcard" src="https://gdimg.gmarket.co.kr/2522523370/still/400?ver=1725102619" alt="배대감 찹쌀가루 400g - 상품 이미지"/></noscript></span></a><div class="box__itemcard-info"><div class="box__element-info"><div class="element-info-qty"><button aria-describedby="itemCard_title_2522523370" class="sprite__smilefresh--before element-info-qty-minus" aria-disabled="true"><span class="for-a11y">상품 수 <!-- -->1<!-- --> 감소</span></button><span class="element-info-item-qty" aria-describedby="itemCard_title_2522523370"><span class="for-a11y">선택된 수량</span> <!-- -->1</span><button aria-describedby="itemCard_title_2522523370" class="sprite__smilefresh--before element-info-qty-plus"><span class="for-a11y">상품 수 <!-- -->1<!-- --> 증가</span></button></div><button type="button" class="sprite__smilefresh--before element-info-cart" aria-describedby="itemCard_title_2522523370"><span class="for-a11y">장바구니 담기</span></button></div><a href="https://item.gmarket.co.kr/Item?goodscode=2522523370" class="link__itemcard-info"><span class="box__itemcard-title-area" id="itemCard_title_2522523370"><span class="text__brand"><span class="text">배대감</span></span><span class="text__title" id="item_title">배대감 찹쌀가루 400g</span></span><span class="box__itemcard-price-area"><span class="box__price-seller"><span class="for-a11y">판매가</span><strong class="text__price-seller">3,680</strong><span class="text__unit">원</span></span></span><span class="box__itemcard-info-score"><span class="sprite__smilefresh--before box__score-awards"><span class="for-a11y">평점</span><span class="text text__score">4.7</span><span class="for-a11y">후기</span><span class="text text__num">(375)</span><span class="for-a11y">건</span></span><span class="box__score-buycnt"><span class="text text__buy">구매</span><span class="text text__num">807</span><span class="for-a11y">건</span></span></span><span class="box__itemcard-benefit-tag"><span class="box__tag box__tag-coupon"><span class="sprite__smilefresh--before box__inner">15% 쿠폰</span></span></span></a><button type="button" class="sprite__smilefresh--after button__favorite-item" aria-describedby="itemCard_title_2522523370" aria-pressed="false" aria-label="관심상품 등록하기"></button></div></div></div></div></li><li class="list-item"><div class="box__itemcard-container"><div class="box__itemcard-body"><div class="box__itemcard-inner"><a class="link__itemcard" href="https://item.gmarket.co.kr/Item?goodscode=2522662809" tabindex="-1" aria-hidden="true"><span class="box__itemcard-img"><img class="image__itemcard no-js-400?ver=1725103402" src="data:image/gif;base64,R0lGODlhAQABAIAAAP///wAAACH5BAEAAAAALAAAAAABAAEAAAICRAEAOw==" alt="노브랜드 치킨튀김가루 500g - 상품 이미지"/><noscript><style>.no-js-400?ver=1725103402 { display: none !important; }</style><img class="image__itemcard" src="https://gdimg.gmarket.co.kr/2522662809/still/400?ver=1725103402" alt="노브랜드 치킨튀김가루 500g - 상품 이미지"/></noscript></span></a><div class="box__itemcard-info"><div class="box__element-info"><div class="element-info-qty"><button aria-describedby="itemCard_title_2522662809" class="sprite__smilefresh--before element-info-qty-minus" aria-disabled="true"><span class="for-a11y">상품 수 <!-- -->1<!-- --> 감소</span></button><span class="element-info-item-qty" aria-describedby="itemCard_title_2522662809"><span class="for-a11y">선택된 수량</span> <!-- -->1</span><button aria-describedby="itemCard_title_2522662809" class="sprite__smilefresh--before element-info-qty-plus"><span class="for-a11y">상품 수 <!-- -->1<!-- --> 증가</span></button></div><button type="button" class="sprite__smilefresh--before element-info-cart" aria-describedby="itemCard_title_2522662809"><span class="for-a11y">장바구니 담기</span></button></div><a href="https://item.gmarket.co.kr/Item?goodscode=2522662809" class="link__itemcard-info"><span class="box__itemcard-title-area" id="itemCard_title_2522662809"><span class="text__brand"><span class="text">노브랜드</span></span><span class="text__title" id="item_title">노브랜드 치킨튀김가루 500g</span></span><span class="box__itemcard-price-area"><span class="box__price-seller"><span class="for-a11y">판매가</span><strong class="text__price-seller">2,180</strong><span class="text__unit">원</span></span><span class="box__prime-cost"><span class="for-a11y">원가</span><span class="text__unit-cost">(<!-- -->100g당 436원<!-- -->)</span></span></span><span class="box__itemcard-info-score"><span class="sprite__smilefresh--before box__score-awards"><span class="for-a11y">평점</span><span class="text text__score">4.7</span><span class="for-a11y">후기</span><span class="text text__num">(693)</span><span class="for-a11y">건</span></span><span class="box__score-buycnt"><span class="text text__buy">구매</span><span class="text text__num">2,107</span><span class="for-a11y">건</span></span></span></a><button type="button" class="sprite__smilefresh--after button__favorite-item" aria-describedby="itemCard_title_2522662809" aria-pressed="false" aria-label="관심상품 등록하기"></button></div></div></div></div></li><li class="list-item"><div class="box__itemcard-container"><div class="box__itemcard-body"><div class="box__itemcard-inner"><a class="link__itemcard" href="https://item.gmarket.co.kr/Item?goodscode=2523169708" tabindex="-1" aria-hidden="true"><span class="box__itemcard-img"><img class="image__itemcard no-js-400?ver=1725116784" src="data:image/gif;base64,R0lGODlhAQABAIAAAP///wAAACH5BAEAAAAALAAAAAABAAEAAAICRAEAOw==" alt="곰표 우리밀밀가루(레트로) 900g - 상품 이미지"/><noscript><style>.no-js-400?ver=1725116784 { display: none !important; }</style><img class="image__itemcard" src="https://gdimg.gmarket.co.kr/2523169708/still/400?ver=1725116784" alt="곰표 우리밀밀가루(레트로) 900g - 상품 이미지"/></noscript></span></a><div class="box__itemcard-info"><div class="box__element-info"><div class="element-info-qty"><button aria-describedby="itemCard_title_2523169708" class="sprite__smilefresh--before element-info-qty-minus" aria-disabled="true"><span class="for-a11y">상품 수 <!-- -->1<!-- --> 감소</span></button><span class="element-info-item-qty" aria-describedby="itemCard_title_2523169708"><span class="for-a11y">선택된 수량</span> <!-- -->1</span><button aria-describedby="itemCard_title_2523169708" class="sprite__smilefresh--before element-info-qty-plus"><span class="for-a11y">상품 수 <!-- -->1<!-- --> 증가</span></button></div><button type="button" class="sprite__smilefresh--before element-info-cart" aria-describedby="itemCard_title_2523169708"><span class="for-a11y">장바구니 담기</span></button></div><a href="https://item.gmarket.co.kr/Item?goodscode=2523169708" class="link__itemcard-info"><span class="box__itemcard-title-area" id="itemCard_title_2523169708"><span class="text__brand"><span class="text">곰표</span></span><span class="text__title" id="item_title">곰표 우리밀밀가루(레트로) 900g</span></span><span class="box__itemcard-price-area"><span class="box__price-seller"><span class="for-a11y">판매가</span><strong class="text__price-seller">2,950</strong><span class="text__unit">원</span></span><span class="box__prime-cost"><span class="for-a11y">원가</span><span class="text__unit-cost">(<!-- -->100g당 328원<!-- -->)</span></span></span><span class="box__itemcard-info-score"><span class="sprite__smilefresh--before box__score-awards"><span class="for-a11y">평점</span><span class="text text__score">4.8</span><span class="for-a11y">후기</span><span class="text text__num">(249)</span><span class="for-a11y">건</span></span><span class="box__score-buycnt"><span class="text text__buy">구매</span><span class="text text__num">655</span><span class="for-a11y">건</span></span></span><span class="box__itemcard-benefit-tag"><span class="box__tag box__tag-coupon"><span class="sprite__smilefresh--before box__inner">15% 쿠폰</span></span></span></a><button type="button" class="sprite__smilefresh--after button__favorite-item" aria-describedby="itemCard_title_2523169708" aria-pressed="false" aria-label="관심상품 등록하기"></button></div></div></div></div></li><li class="list-item"><div class="box__itemcard-container"><div class="box__itemcard-body"><div class="box__itemcard-inner"><a class="link__itemcard" href="https://item.gmarket.co.kr/Item?goodscode=2518574870" tabindex="-1" aria-hidden="true"><span class="box__itemcard-img"><img class="image__itemcard no-js-400?ver=1725092660" src="data:image/gif;base64,R0lGODlhAQABAIAAAP///wAAACH5BAEAAAAALAAAAAABAAEAAAICRAEAOw==" alt="백설 우리밀 부침가루 500g - 상품 이미지"/><noscript><style>.no-js-400?ver=1725092660 { display: none !important; }</style><img class="image__itemcard" src="https://gdimg.gmarket.co.kr/2518574870/still/400?ver=1725092660" alt="백설 우리밀 부침가루 500g - 상품 이미지"/></noscript></span></a><div class="box__itemcard-info"><div class="box__element-info"><div class="element-info-qty"><button aria-describedby="itemCard_title_2518574870" class="sprite__smilefresh--before element-info-qty-minus" aria-disabled="true"><span class="for-a11y">상품 수 <!-- -->1<!-- --> 감소</span></button><span class="element-info-item-qty" aria-describedby="itemCard_title_2518574870"><span class="for-a11y">선택된 수량</span> <!-- -->1</span><button aria-describedby="itemCard_title_2518574870" class="sprite__smilefresh--before element-info-qty-plus"><span class="for-a11y">상품 수 <!-- -->1<!-- --> 증가</span></button></div><button type="button" class="sprite__smilefresh--before element-info-cart" aria-describedby="itemCard_title_2518574870"><span class="for-a11y">장바구니 담기</span></button></div><a href="https://item.gmarket.co.kr/Item?goodscode=2518574870" class="link__itemcard-info"><span class="box__itemcard-title-area" id="itemCard_title_2518574870"><span class="text__brand"><span class="text">백설</span></span><span class="text__title" id="item_title">백설 우리밀 부침가루 500g</span></span><span class="box__itemcard-price-area"><span class="box__price-seller"><span class="for-a11y">판매가</span><strong class="text__price-seller">3,680</strong><span class="text__unit">원</span></span><span class="box__prime-cost"><span class="for-a11y">원가</span><span class="text__unit-cost">(<!-- -->100g당 736원<!-- -->)</span></span></span><span class="box__itemcard-info-score"><span class="sprite__smilefresh--before box__score-awards"><span class="for-a11y">평점</span><span class="text text__score">4.8</span><span class="for-a11y">후기</span><span class="text text__num">(268)</span><span class="for-a11y">건</span></span><span class="box__score-buycnt"><span class="text text__buy">구매</span><span class="text text__num">927</span><span class="for-a11y">건</span></span></span><span class="box__itemcard-benefit-tag"><span class="box__tag box__tag-coupon"><span class="sprite__smilefresh--before box__inner">15% 쿠폰</span></span></span></a><button type="button" class="sprite__smilefresh--after button__favorite-item" aria-describedby="itemCard_title_2518574870" aria-pressed="false" aria-label="관심상품 등록하기"></button></div></div></div></div></li><li class="list-item"><div class="box__itemcard-container"><div class="box__itemcard-body"><div class="box__itemcard-inner"><a class="link__itemcard" href="https://item.gmarket.co.kr/Item?goodscode=2617914980" tabindex="-1" aria-hidden="true"><span class="box__itemcard-img"><img class="image__itemcard no-js-400?ver=1725125072" src="data:image/gif;base64,R0lGODlhAQABAIAAAP///wAAACH5BAEAAAAALAAAAAABAAEAAAICRAEAOw==" alt="CJ백설 통밀 밀가루 1kg - 상품 이미지"/><noscript><style>.no-js-400?ver=1725125072 { display: none !important; }</style><img class="image__itemcard" src="https://gdimg.gmarket.co.kr/2617914980/still/400?ver=1725125072" alt="CJ백설 통밀 밀가루 1kg - 상품 이미지"/></noscript></span></a><div class="box__itemcard-info"><div class="box__element-info"><div class="element-info-qty"><button aria-describedby="itemCard_title_2617914980" class="sprite__smilefresh--before element-info-qty-minus" aria-disabled="true"><span class="for-a11y">상품 수 <!-- -->1<!-- --> 감소</span></button><span class="element-info-item-qty" aria-describedby="itemCard_title_2617914980"><span class="for-a11y">선택된 수량</span> <!-- -->1</span><button aria-describedby="itemCard_title_2617914980" class="sprite__smilefresh--before element-info-qty-plus"><span class="for-a11y">상품 수 <!-- -->1<!-- --> 증가</span></button></div><button type="button" class="sprite__smilefresh--before element-info-cart" aria-describedby="itemCard_title_2617914980"><span class="for-a11y">장바구니 담기</span></button></div><a href="https://item.gmarket.co.kr/Item?goodscode=2617914980" class="link__itemcard-info"><span class="box__itemcard-title-area" id="itemCard_title_2617914980"><span class="text__brand"><span class="text">백설</span></span><span class="text__title" id="item_title">CJ백설 통밀 밀가루 1kg</span></span><span class="box__itemcard-price-area"><span class="box__price-seller"><span class="for-a11y">판매가</span><strong class="text__price-seller">2,550</strong><span class="text__unit">원</span></span><span class="box__prime-cost"><span class="for-a11y">원가</span><span class="text__unit-cost">(<!-- -->100g당 255원<!-- -->)</span></span></span><span class="box__itemcard-info-score"><span class="sprite__smilefresh--before box__score-awards"><span class="for-a11y">평점</span><span class="text text__score">4.7</span><span class="for-a11y">후기</span><span class="text text__num">(291)</span><span class="for-a11y">건</span></span><span class="box__score-buycnt"><span class="text text__buy">구매</span><span class="text text__num">660</span><span class="for-a11y">건</span></span></span><span class="box__itemcard-benefit-tag"><span class="box__tag box__tag-coupon"><span class="sprite__smilefresh--before box__inner">15% 쿠폰</span></span></span></a><button type="button" class="sprite__smilefresh--after button__favorite-item" aria-describedby="itemCard_title_2617914980" aria-pressed="false" aria-label="관심상품 등록하기"></button></div></div></div></div></li><li class="list-item"><div class="box__itemcard-container"><div class="box__itemcard-body"><div class="box__itemcard-inner"><a class="link__itemcard" href="https://item.gmarket.co.kr/Item?goodscode=2522520936" tabindex="-1" aria-hidden="true"><span class="box__itemcard-img"><img class="image__itemcard no-js-400?ver=1725102371" src="data:image/gif;base64,R0lGODlhAQABAIAAAP///wAAACH5BAEAAAAALAAAAAABAAEAAAICRAEAOw==" alt="배대감 엿기름가루 350g - 상품 이미지"/><noscript><style>.no-js-400?ver=1725102371 { display: none !important; }</style><img class="image__itemcard" src="https://gdimg.gmarket.co.kr/2522520936/still/400?ver=1725102371" alt="배대감 엿기름가루 350g - 상품 이미지"/></noscript></span></a><div class="box__itemcard-info"><div class="box__element-info"><div class="element-info-qty"><button aria-describedby="itemCard_title_2522520936" class="sprite__smilefresh--before element-info-qty-minus" aria-disabled="true"><span class="for-a11y">상품 수 <!-- -->1<!-- --> 감소</span></button><span class="element-info-item-qty" aria-describedby="itemCard_title_2522520936"><span class="for-a11y">선택된 수량</span> <!-- -->1</span><button aria-describedby="itemCard_title_2522520936" class="sprite__smilefresh--before element-info-qty-plus"><span class="for-a11y">상품 수 <!-- -->1<!-- --> 증가</span></button></div><button type="button" class="sprite__smilefresh--before element-info-cart" aria-describedby="itemCard_title_2522520936"><span class="for-a11y">장바구니 담기</span></button></div><a href="https://item.gmarket.co.kr/Item?goodscode=2522520936" class="link__itemcard-info"><span class="box__itemcard-title-area" id="itemCard_title_2522520936"><span class="text__title" id="item_title">배대감 엿기름가루 350g</span></span><span class="box__itemcard-price-area"><span class="box__price-seller"><span class="for-a11y">판매가</span><strong class="text__price-seller">5,500</strong><span class="text__unit">원</span></span></span><span class="box__itemcard-info-score"><span class="sprite__smilefresh--before box__score-awards"><span class="for-a11y">평점</span><span class="text text__score">4.8</span><span class="for-a11y">후기</span><span class="text text__num">(57)</span><span class="for-a11y">건</span></span><span class="box__score-buycnt"><span class="text text__buy">구매</span><span class="text text__num">220</span><span class="for-a11y">건</span></span></span><span class="box__itemcard-benefit-tag"><span class="box__tag box__tag-coupon"><span class="sprite__smilefresh--before box__inner">15% 쿠폰</span></span></span></a><button type="button" class="sprite__smilefresh--after button__favorite-item" aria-describedby="itemCard_title_2522520936" aria-pressed="false" aria-label="관심상품 등록하기"></button></div></div></div></div></li><li class="list-item"><div class="box__itemcard-container"><div class="box__itemcard-body"><div class="box__itemcard-inner"><a class="link__itemcard" href="https://item.gmarket.co.kr/Item?goodscode=3951322654" tabindex="-1" aria-hidden="true"><span class="box__itemcard-img"><img class="image__itemcard no-js-400?ver=1725092735" src="data:image/gif;base64,R0lGODlhAQABAIAAAP///wAAACH5BAEAAAAALAAAAAABAAEAAAICRAEAOw==" alt="곰표 중력 밀가루 2.5kg - 상품 이미지"/><noscript><style>.no-js-400?ver=1725092735 { display: none !important; }</style><img class="image__itemcard" src="https://gdimg.gmarket.co.kr/3951322654/still/400?ver=1725092735" alt="곰표 중력 밀가루 2.5kg - 상품 이미지"/></noscript></span></a><div class="box__itemcard-info"><div class="box__element-info"><div class="element-info-qty"><button aria-describedby="itemCard_title_3951322654" class="sprite__smilefresh--before element-info-qty-minus" aria-disabled="true"><span class="for-a11y">상품 수 <!-- -->1<!-- --> 감소</span></button><span class="element-info-item-qty" aria-describedby="itemCard_title_3951322654"><span class="for-a11y">선택된 수량</span> <!-- -->1</span><button aria-describedby="itemCard_title_3951322654" class="sprite__smilefresh--before element-info-qty-plus"><span class="for-a11y">상품 수 <!-- -->1<!-- --> 증가</span></button></div><button type="button" class="sprite__smilefresh--before element-info-cart" aria-describedby="itemCard_title_3951322654"><span class="for-a11y">장바구니 담기</span></button></div><a href="https://item.gmarket.co.kr/Item?goodscode=3951322654" class="link__itemcard-info"><span class="box__itemcard-title-area" id="itemCard_title_3951322654"><span class="text__brand"><span class="text">곰표</span></span><span class="text__title" id="item_title">곰표 중력 밀가루 2.5kg</span></span><span class="box__itemcard-price-area"><span class="box__price-seller"><span class="for-a11y">판매가</span><strong class="text__price-seller">3,860</strong><span class="text__unit">원</span></span><span class="box__prime-cost"><span class="for-a11y">원가</span><span class="text__unit-cost">(<!-- -->100g당 154원<!-- -->)</span></span></span><span class="box__itemcard-info-score"><span class="sprite__smilefresh--before box__score-awards"><span class="for-a11y">평점</span><span class="text text__score">4.9</span><span class="for-a11y">후기</span><span class="text text__num">(23)</span><span class="for-a11y">건</span></span><span class="box__score-buycnt"><span class="text text__buy">구매</span><span class="text text__num">81</span><span class="for-a11y">건</span></span></span><span class="box__itemcard-benefit-tag"><span class="box__tag box__tag-coupon"><span class="sprite__smilefresh--before box__inner">15% 쿠폰</span></span></span></a><button type="button" class="sprite__smilefresh--after button__favorite-item" aria-describedby="itemCard_title_3951322654" aria-pressed="false" aria-label="관심상품 등록하기"></button></div></div></div></div></li><li class="list-item"><div class="box__itemcard-container"><div class="box__itemcard-body"><div class="box__itemcard-inner"><a class="link__itemcard" href="https://item.gmarket.co.kr/Item?goodscode=2518443527" tabindex="-1" aria-hidden="true"><span class="box__itemcard-img"><img class="image__itemcard no-js-400?ver=1725088116" src="data:image/gif;base64,R0lGODlhAQABAIAAAP///wAAACH5BAEAAAAALAAAAAABAAEAAAICRAEAOw==" alt="백설   강력 밀가루 (빵용) 1kg - 상품 이미지"/><noscript><style>.no-js-400?ver=1725088116 { display: none !important; }</style><img class="image__itemcard" src="https://gdimg.gmarket.co.kr/2518443527/still/400?ver=1725088116" alt="백설   강력 밀가루 (빵용) 1kg - 상품 이미지"/></noscript></span></a><div class="box__itemcard-info"><div class="box__element-info"><div class="element-info-qty"><button aria-describedby="itemCard_title_2518443527" class="sprite__smilefresh--before element-info-qty-minus" aria-disabled="true"><span class="for-a11y">상품 수 <!-- -->1<!-- --> 감소</span></button><span class="element-info-item-qty" aria-describedby="itemCard_title_2518443527"><span class="for-a11y">선택된 수량</span> <!-- -->1</span><button aria-describedby="itemCard_title_2518443527" class="sprite__smilefresh--before element-info-qty-plus"><span class="for-a11y">상품 수 <!-- -->1<!-- --> 증가</span></button></div><button type="button" class="sprite__smilefresh--before element-info-cart" aria-describedby="itemCard_title_2518443527"><span class="for-a11y">장바구니 담기</span></button></div><a href="https://item.gmarket.co.kr/Item?goodscode=2518443527" class="link__itemcard-info"><span class="box__itemcard-title-area" id="itemCard_title_2518443527"><span class="text__brand"><span class="text">백설</span></span><span class="text__title" id="item_title">백설   강력 밀가루 (빵용) 1kg</span></span><span class="box__itemcard-price-area"><span class="box__price-seller"><span class="for-a11y">판매가</span><strong class="text__price-seller">2,350</strong><span class="text__unit">원</span></span><span class="box__prime-cost"><span class="for-a11y">원가</span><span class="text__unit-cost">(<!-- -->100g당 235원<!-- -->)</span></span></span><span class="box__itemcard-info-score"><span class="sprite__smilefresh--before box__score-awards"><span class="for-a11y">평점</span><span class="text text__score">4.7</span><span class="for-a11y">후기</span><span class="text text__num">(480)</span><span class="for-a11y">건</span></span><span class="box__score-buycnt"><span class="text text__buy">구매</span><span class="text text__num">1,686</span><span class="for-a11y">건</span></span></span><span class="box__itemcard-benefit-tag"><span class="box__tag box__tag-coupon"><span class="sprite__smilefresh--before box__inner">15% 쿠폰</span></span></span></a><button type="button" class="sprite__smilefresh--after button__favorite-item" aria-describedby="itemCard_title_2518443527" aria-pressed="false" aria-label="관심상품 등록하기"></button></div></div></div></div></li><li class="list-item"><div class="box__itemcard-container"><div class="box__itemcard-body"><div class="box__itemcard-inner"><a class="link__itemcard" href="https://item.gmarket.co.kr/Item?goodscode=2522647954" tabindex="-1" aria-hidden="true"><span class="box__itemcard-img"><img class="image__itemcard no-js-400?ver=1725104586" src="data:image/gif;base64,R0lGODlhAQABAIAAAP///wAAACH5BAEAAAAALAAAAAABAAEAAAICRAEAOw==" alt="노브랜드 콩국물가루 400g - 상품 이미지"/><noscript><style>.no-js-400?ver=1725104586 { display: none !important; }</style><img class="image__itemcard" src="https://gdimg.gmarket.co.kr/2522647954/still/400?ver=1725104586" alt="노브랜드 콩국물가루 400g - 상품 이미지"/></noscript></span></a><div class="box__itemcard-info"><div class="box__element-info"><div class="element-info-qty"><button aria-describedby="itemCard_title_2522647954" class="sprite__smilefresh--before element-info-qty-minus" aria-disabled="true"><span class="for-a11y">상품 수 <!-- -->1<!-- --> 감소</span></button><span class="element-info-item-qty" aria-describedby="itemCard_title_2522647954"><span class="for-a11y">선택된 수량</span> <!-- -->1</span><button aria-describedby="itemCard_title_2522647954" class="sprite__smilefresh--before element-info-qty-plus"><span class="for-a11y">상품 수 <!-- -->1<!-- --> 증가</span></button></div><button type="button" class="sprite__smilefresh--before element-info-cart" aria-describedby="itemCard_title_2522647954"><span class="for-a11y">장바구니 담기</span></button></div><a href="https://item.gmarket.co.kr/Item?goodscode=2522647954" class="link__itemcard-info"><span class="box__itemcard-title-area" id="itemCard_title_2522647954"><span class="text__title" id="item_title">노브랜드 콩국물가루 400g</span></span><span class="box__itemcard-price-area"><span class="box__price-seller"><span class="for-a11y">판매가</span><strong class="text__price-seller">4,380</strong><span class="text__unit">원</span></span></span><span class="box__itemcard-info-score"><span class="sprite__smilefresh--before box__score-awards"><span class="for-a11y">평점</span><span class="text text__score">4.7</span><span class="for-a11y">후기</span><span class="text text__num">(493)</span><span class="for-a11y">건</span></span><span class="box__score-buycnt"><span class="text text__buy">구매</span><span class="text text__num">1,157</span><span class="for-a11y">건</span></span></span></a><button type="button" class="sprite__smilefresh--after button__favorite-item" aria-describedby="itemCard_title_2522647954" aria-pressed="false" aria-label="관심상품 등록하기"></button></div></div></div></div></li><li class="list-item"><div class="box__itemcard-container"><div class="box__itemcard-body"><div class="box__itemcard-inner"><a class="link__itemcard" href="https://item.gmarket.co.kr/Item?goodscode=2522792951" tabindex="-1" aria-hidden="true"><span class="box__itemcard-img"><img class="image__itemcard no-js-400?ver=1725107064" src="data:image/gif;base64,R0lGODlhAQABAIAAAP///wAAACH5BAEAAAAALAAAAAABAAEAAAICRAEAOw==" alt="곰표 부침가루 1kg(레트로) - 상품 이미지"/><noscript><style>.no-js-400?ver=1725107064 { display: none !important; }</style><img class="image__itemcard" src="https://gdimg.gmarket.co.kr/2522792951/still/400?ver=1725107064" alt="곰표 부침가루 1kg(레트로) - 상품 이미지"/></noscript></span></a><div class="box__itemcard-info"><div class="box__element-info"><div class="element-info-qty"><button aria-describedby="itemCard_title_2522792951" class="sprite__smilefresh--before element-info-qty-minus" aria-disabled="true"><span class="for-a11y">상품 수 <!-- -->1<!-- --> 감소</span></button><span class="element-info-item-qty" aria-describedby="itemCard_title_2522792951"><span class="for-a11y">선택된 수량</span> <!-- -->1</span><button aria-describedby="itemCard_title_2522792951" class="sprite__smilefresh--before element-info-qty-plus"><span class="for-a11y">상품 수 <!-- -->1<!-- --> 증가</span></button></div><button type="button" class="sprite__smilefresh--before element-info-cart" aria-describedby="itemCard_title_2522792951"><span class="for-a11y">장바구니 담기</span></button></div><a href="https://item.gmarket.co.kr/Item?goodscode=2522792951" class="link__itemcard-info"><span class="box__itemcard-title-area" id="itemCard_title_2522792951"><span class="text__brand"><span class="text">곰표</span></span><span class="text__title" id="item_title">곰표 부침가루 1kg(레트로)</span></span><span class="box__itemcard-price-area"><span class="box__price-seller"><span class="for-a11y">판매가</span><strong class="text__price-seller">2,980</strong><span class="text__unit">원</span></span><span class="box__prime-cost"><span class="for-a11y">원가</span><span class="text__unit-cost">(<!-- -->100g당 298원<!-- -->)</span></span></span><span class="box__itemcard-info-score"><span class="sprite__smilefresh--before box__score-awards"><span class="for-a11y">평점</span><span class="text text__score">4.8</span><span class="for-a11y">후기</span><span class="text text__num">(765)</span><span class="for-a11y">건</span></span><span class="box__score-buycnt"><span class="text text__buy">구매</span><span class="text text__num">1,727</span><span class="for-a11y">건</span></span></span><span class="box__itemcard-benefit-tag"><span class="box__tag box__tag-coupon"><span class="sprite__smilefresh--before box__inner">15% 쿠폰</span></span></span></a><button type="button" class="sprite__smilefresh--after button__favorite-item" aria-describedby="itemCard_title_2522792951" aria-pressed="false" aria-label="관심상품 등록하기"></button></div></div></div></div></li><li class="list-item"><div class="box__itemcard-container"><div class="box__itemcard-body"><div class="box__itemcard-inner"><a class="link__itemcard" href="https://item.gmarket.co.kr/Item?goodscode=2745617568" tabindex="-1" aria-hidden="true"><span class="box__itemcard-img"><img class="image__itemcard no-js-400?ver=1725129411" src="data:image/gif;base64,R0lGODlhAQABAIAAAP///wAAACH5BAEAAAAALAAAAAABAAEAAAICRAEAOw==" alt="자연주의 국산 부침가루 700g - 상품 이미지"/><noscript><style>.no-js-400?ver=1725129411 { display: none !important; }</style><img class="image__itemcard" src="https://gdimg.gmarket.co.kr/2745617568/still/400?ver=1725129411" alt="자연주의 국산 부침가루 700g - 상품 이미지"/></noscript></span></a><div class="box__itemcard-info"><div class="box__element-info"><div class="element-info-qty"><button aria-describedby="itemCard_title_2745617568" class="sprite__smilefresh--before element-info-qty-minus" aria-disabled="true"><span class="for-a11y">상품 수 <!-- -->1<!-- --> 감소</span></button><span class="element-info-item-qty" aria-describedby="itemCard_title_2745617568"><span class="for-a11y">선택된 수량</span> <!-- -->1</span><button aria-describedby="itemCard_title_2745617568" class="sprite__smilefresh--before element-info-qty-plus"><span class="for-a11y">상품 수 <!-- -->1<!-- --> 증가</span></button></div><button type="button" class="sprite__smilefresh--before element-info-cart" aria-describedby="itemCard_title_2745617568"><span class="for-a11y">장바구니 담기</span></button></div><a href="https://item.gmarket.co.kr/Item?goodscode=2745617568" class="link__itemcard-info"><span class="box__itemcard-title-area" id="itemCard_title_2745617568"><span class="text__brand"><span class="text">자연주의</span></span><span class="text__title" id="item_title">자연주의 국산 부침가루 700g</span></span><span class="box__itemcard-price-area"><span class="box__price-seller"><span class="for-a11y">판매가</span><strong class="text__price-seller">5,980</strong><span class="text__unit">원</span></span><span class="box__prime-cost"><span class="for-a11y">원가</span><strong class="text__dc-rate">25<!-- -->%</strong><span class="text__prime-cost">7,980<span class="text__unit">원</span></span><span class="text__unit-cost">(<!-- -->100g당 854원<!-- -->)</span></span></span><span class="box__itemcard-info-score"><span class="sprite__smilefresh--before box__score-awards"><span class="for-a11y">평점</span><span class="text text__score">4.8</span><span class="for-a11y">후기</span><span class="text text__num">(79)</span><span class="for-a11y">건</span></span><span class="box__score-buycnt"><span class="text text__buy">구매</span><span class="text text__num">148</span><span class="for-a11y">건</span></span></span><span class="box__itemcard-benefit-tag"><span class="box__tag box__tag-coupon"><span class="sprite__smilefresh--before box__inner">15% 쿠폰</span></span></span></a><button type="button" class="sprite__smilefresh--after button__favorite-item" aria-describedby="itemCard_title_2745617568" aria-pressed="false" aria-label="관심상품 등록하기"></button></div></div></div></div></li><li class="list-item"><div class="box__itemcard-container"><div class="box__itemcard-body"><div class="box__itemcard-inner"><a class="link__itemcard" href="https://item.gmarket.co.kr/Item?goodscode=2518648006" tabindex="-1" aria-hidden="true"><span class="box__itemcard-img"><img class="image__itemcard no-js-400?ver=1725090770" src="data:image/gif;base64,R0lGODlhAQABAIAAAP///wAAACH5BAEAAAAALAAAAAABAAEAAAICRAEAOw==" alt="봉평촌 메밀 부침가루 800g - 상품 이미지"/><noscript><style>.no-js-400?ver=1725090770 { display: none !important; }</style><img class="image__itemcard" src="https://gdimg.gmarket.co.kr/2518648006/still/400?ver=1725090770" alt="봉평촌 메밀 부침가루 800g - 상품 이미지"/></noscript></span></a><div class="box__itemcard-info"><div class="box__element-info"><div class="element-info-qty"><button aria-describedby="itemCard_title_2518648006" class="sprite__smilefresh--before element-info-qty-minus" aria-disabled="true"><span class="for-a11y">상품 수 <!-- -->1<!-- --> 감소</span></button><span class="element-info-item-qty" aria-describedby="itemCard_title_2518648006"><span class="for-a11y">선택된 수량</span> <!-- -->1</span><button aria-describedby="itemCard_title_2518648006" class="sprite__smilefresh--before element-info-qty-plus"><span class="for-a11y">상품 수 <!-- -->1<!-- --> 증가</span></button></div><button type="button" class="sprite__smilefresh--before element-info-cart" aria-describedby="itemCard_title_2518648006"><span class="for-a11y">장바구니 담기</span></button></div><a href="https://item.gmarket.co.kr/Item?goodscode=2518648006" class="link__itemcard-info"><span class="box__itemcard-title-area" id="itemCard_title_2518648006"><span class="text__brand"><span class="text">봉평촌</span></span><span class="text__title" id="item_title">봉평촌 메밀 부침가루 800g</span></span><span class="box__itemcard-price-area"><span class="box__price-seller"><span class="for-a11y">판매가</span><strong class="text__price-seller">9,980</strong><span class="text__unit">원</span></span><span class="box__prime-cost"><span class="for-a11y">원가</span><span class="text__unit-cost">(<!-- -->100g당 1,248원<!-- -->)</span></span></span><span class="box__itemcard-info-score"><span class="sprite__smilefresh--before box__score-awards"><span class="for-a11y">평점</span><span class="text text__score">4.8</span><span class="for-a11y">후기</span><span class="text text__num">(69)</span><span class="for-a11y">건</span></span><span class="box__score-buycnt"><span class="text text__buy">구매</span><span class="text text__num">197</span><span class="for-a11y">건</span></span></span><span class="box__itemcard-benefit-tag"><span class="box__tag box__tag-coupon"><span class="sprite__smilefresh--before box__inner">15% 쿠폰</span></span></span></a><button type="button" class="sprite__smilefresh--after button__favorite-item" aria-describedby="itemCard_title_2518648006" aria-pressed="false" aria-label="관심상품 등록하기"></button></div></div></div></div></li><li class="list-item"><div class="box__itemcard-container"><div class="box__itemcard-body"><div class="box__itemcard-inner"><a class="link__itemcard" href="https://item.gmarket.co.kr/Item?goodscode=2518404983" tabindex="-1" aria-hidden="true"><span class="box__itemcard-img"><img class="image__itemcard no-js-400?ver=1725088115" src="data:image/gif;base64,R0lGODlhAQABAIAAAP///wAAACH5BAEAAAAALAAAAAABAAEAAAICRAEAOw==" alt="백설 찰밀가루 1kg - 상품 이미지"/><noscript><style>.no-js-400?ver=1725088115 { display: none !important; }</style><img class="image__itemcard" src="https://gdimg.gmarket.co.kr/2518404983/still/400?ver=1725088115" alt="백설 찰밀가루 1kg - 상품 이미지"/></noscript></span></a><div class="box__itemcard-info"><div class="box__element-info"><div class="element-info-qty"><button aria-describedby="itemCard_title_2518404983" class="sprite__smilefresh--before element-info-qty-minus" aria-disabled="true"><span class="for-a11y">상품 수 <!-- -->1<!-- --> 감소</span></button><span class="element-info-item-qty" aria-describedby="itemCard_title_2518404983"><span class="for-a11y">선택된 수량</span> <!-- -->1</span><button aria-describedby="itemCard_title_2518404983" class="sprite__smilefresh--before element-info-qty-plus"><span class="for-a11y">상품 수 <!-- -->1<!-- --> 증가</span></button></div><button type="button" class="sprite__smilefresh--before element-info-cart" aria-describedby="itemCard_title_2518404983"><span class="for-a11y">장바구니 담기</span></button></div><a href="https://item.gmarket.co.kr/Item?goodscode=2518404983" class="link__itemcard-info"><span class="box__itemcard-title-area" id="itemCard_title_2518404983"><span class="text__brand"><span class="text">백설</span></span><span class="text__title" id="item_title">백설 찰밀가루 1kg</span></span><span class="box__itemcard-price-area"><span class="box__price-seller"><span class="for-a11y">판매가</span><strong class="text__price-seller">2,550</strong><span class="text__unit">원</span></span><span class="box__prime-cost"><span class="for-a11y">원가</span><span class="text__unit-cost">(<!-- -->100g당 255원<!-- -->)</span></span></span><span class="box__itemcard-info-score"><span class="sprite__smilefresh--before box__score-awards"><span class="for-a11y">평점</span><span class="text text__score">4.8</span><span class="for-a11y">후기</span><span class="text text__num">(433)</span><span class="for-a11y">건</span></span><span class="box__score-buycnt"><span class="text text__buy">구매</span><span class="text text__num">1,596</span><span class="for-a11y">건</span></span></span><span class="box__itemcard-benefit-tag"><span class="box__tag box__tag-coupon"><span class="sprite__smilefresh--before box__inner">15% 쿠폰</span></span></span></a><button type="button" class="sprite__smilefresh--after button__favorite-item" aria-describedby="itemCard_title_2518404983" aria-pressed="false" aria-label="관심상품 등록하기"></button></div></div></div></div></li><li class="list-item"><div class="box__itemcard-container"><div class="box__itemcard-body"><div class="box__itemcard-inner"><a class="link__itemcard" href="https://item.gmarket.co.kr/Item?goodscode=2518444456" tabindex="-1" aria-hidden="true"><span class="box__itemcard-img"><img class="image__itemcard no-js-400?ver=1725088103" src="data:image/gif;base64,R0lGODlhAQABAIAAAP///wAAACH5BAEAAAAALAAAAAABAAEAAAICRAEAOw==" alt="백설   박력 밀가루(과자용) 1kg - 상품 이미지"/><noscript><style>.no-js-400?ver=1725088103 { display: none !important; }</style><img class="image__itemcard" src="https://gdimg.gmarket.co.kr/2518444456/still/400?ver=1725088103" alt="백설   박력 밀가루(과자용) 1kg - 상품 이미지"/></noscript></span></a><div class="box__itemcard-info"><div class="box__element-info"><div class="element-info-qty"><button aria-describedby="itemCard_title_2518444456" class="sprite__smilefresh--before element-info-qty-minus" aria-disabled="true"><span class="for-a11y">상품 수 <!-- -->1<!-- --> 감소</span></button><span class="element-info-item-qty" aria-describedby="itemCard_title_2518444456"><span class="for-a11y">선택된 수량</span> <!-- -->1</span><button aria-describedby="itemCard_title_2518444456" class="sprite__smilefresh--before element-info-qty-plus"><span class="for-a11y">상품 수 <!-- -->1<!-- --> 증가</span></button></div><button type="button" class="sprite__smilefresh--before element-info-cart" aria-describedby="itemCard_title_2518444456"><span class="for-a11y">장바구니 담기</span></button></div><a href="https://item.gmarket.co.kr/Item?goodscode=2518444456" class="link__itemcard-info"><span class="box__itemcard-title-area" id="itemCard_title_2518444456"><span class="text__brand"><span class="text">백설</span></span><span class="text__title" id="item_title">백설   박력 밀가루(과자용) 1kg</span></span><span class="box__itemcard-price-area"><span class="box__price-seller"><span class="for-a11y">판매가</span><strong class="text__price-seller">2,350</strong><span class="text__unit">원</span></span><span class="box__prime-cost"><span class="for-a11y">원가</span><span class="text__unit-cost">(<!-- -->100g당 235원<!-- -->)</span></span></span><span class="box__itemcard-info-score"><span class="sprite__smilefresh--before box__score-awards"><span class="for-a11y">평점</span><span class="text text__score">4.8</span><span class="for-a11y">후기</span><span class="text text__num">(417)</span><span class="for-a11y">건</span></span><span class="box__score-buycnt"><span class="text text__buy">구매</span><span class="text text__num">1,752</span><span class="for-a11y">건</span></span></span><span class="box__itemcard-benefit-tag"><span class="box__tag box__tag-coupon"><span class="sprite__smilefresh--before box__inner">15% 쿠폰</span></span></span></a><button type="button" class="sprite__smilefresh--after button__favorite-item" aria-describedby="itemCard_title_2518444456" aria-pressed="false" aria-label="관심상품 등록하기"></button></div></div></div></div></li><li class="list-item"><div class="box__itemcard-container"><div class="box__itemcard-body"><div class="box__itemcard-inner"><a class="link__itemcard" href="https://item.gmarket.co.kr/Item?goodscode=2518487105" tabindex="-1" aria-hidden="true"><span class="box__itemcard-img"><img class="image__itemcard no-js-400?ver=1725512940" src="data:image/gif;base64,R0lGODlhAQABAIAAAP///wAAACH5BAEAAAAALAAAAAABAAEAAAICRAEAOw==" alt="성진 감자전분맛 400g - 상품 이미지"/><noscript><style>.no-js-400?ver=1725512940 { display: none !important; }</style><img class="image__itemcard" src="https://gdimg.gmarket.co.kr/2518487105/still/400?ver=1725512940" alt="성진 감자전분맛 400g - 상품 이미지"/></noscript></span></a><div class="box__itemcard-info"><div class="box__element-info"><div class="element-info-qty"><button aria-describedby="itemCard_title_2518487105" class="sprite__smilefresh--before element-info-qty-minus" aria-disabled="true"><span class="for-a11y">상품 수 <!-- -->1<!-- --> 감소</span></button><span class="element-info-item-qty" aria-describedby="itemCard_title_2518487105"><span class="for-a11y">선택된 수량</span> <!-- -->1</span><button aria-describedby="itemCard_title_2518487105" class="sprite__smilefresh--before element-info-qty-plus"><span class="for-a11y">상품 수 <!-- -->1<!-- --> 증가</span></button></div><button type="button" class="sprite__smilefresh--before element-info-cart" aria-describedby="itemCard_title_2518487105"><span class="for-a11y">장바구니 담기</span></button></div><a href="https://item.gmarket.co.kr/Item?goodscode=2518487105" class="link__itemcard-info"><span class="box__itemcard-title-area" id="itemCard_title_2518487105"><span class="text__title" id="item_title">성진 감자전분맛 400g</span></span><span class="box__itemcard-price-area"><span class="box__price-seller"><span class="for-a11y">판매가</span><strong class="text__price-seller">3,380</strong><span class="text__unit">원</span></span><span class="box__prime-cost"><span class="for-a11y">원가</span><span class="text__unit-cost">(<!-- -->100g당 845원<!-- -->)</span></span></span><span class="box__itemcard-info-score"><span class="sprite__smilefresh--before box__score-awards"><span class="for-a11y">평점</span><span class="text text__score">4.8</span><span class="for-a11y">후기</span><span class="text text__num">(130)</span><span class="for-a11y">건</span></span><span class="box__score-buycnt"><span class="text text__buy">구매</span><span class="text text__num">432</span><span class="for-a11y">건</span></span></span><span class="box__itemcard-benefit-tag"><span class="box__tag box__tag-coupon"><span class="sprite__smilefresh--before box__inner">15% 쿠폰</span></span></span></a><button type="button" class="sprite__smilefresh--after button__favorite-item" aria-describedby="itemCard_title_2518487105" aria-pressed="false" aria-label="관심상품 등록하기"></button></div></div></div></div></li><li class="list-item"><div class="box__itemcard-container"><div class="box__itemcard-body"><div class="box__itemcard-inner"><a class="link__itemcard" href="https://item.gmarket.co.kr/Item?goodscode=2518494172" tabindex="-1" aria-hidden="true"><span class="box__itemcard-img"><img class="image__itemcard no-js-400?ver=1725092690" src="data:image/gif;base64,R0lGODlhAQABAIAAAP///wAAACH5BAEAAAAALAAAAAABAAEAAAICRAEAOw==" alt="성진 들깨가루 400g - 상품 이미지"/><noscript><style>.no-js-400?ver=1725092690 { display: none !important; }</style><img class="image__itemcard" src="https://gdimg.gmarket.co.kr/2518494172/still/400?ver=1725092690" alt="성진 들깨가루 400g - 상품 이미지"/></noscript></span></a><div class="box__itemcard-info"><div class="box__element-info"><div class="element-info-qty"><button aria-describedby="itemCard_title_2518494172" class="sprite__smilefresh--before element-info-qty-minus" aria-disabled="true"><span class="for-a11y">상품 수 <!-- -->1<!-- --> 감소</span></button><span class="element-info-item-qty" aria-describedby="itemCard_title_2518494172"><span class="for-a11y">선택된 수량</span> <!-- -->1</span><button aria-describedby="itemCard_title_2518494172" class="sprite__smilefresh--before element-info-qty-plus"><span class="for-a11y">상품 수 <!-- -->1<!-- --> 증가</span></button></div><button type="button" class="sprite__smilefresh--before element-info-cart" aria-describedby="itemCard_title_2518494172"><span class="for-a11y">장바구니 담기</span></button></div><a href="https://item.gmarket.co.kr/Item?goodscode=2518494172" class="link__itemcard-info"><span class="box__itemcard-title-area" id="itemCard_title_2518494172"><span class="text__title" id="item_title">성진 들깨가루 400g</span></span><span class="box__itemcard-price-area"><span class="box__price-seller"><span class="for-a11y">판매가</span><strong class="text__price-seller">9,980</strong><span class="text__unit">원</span></span></span><span class="box__itemcard-info-score"><span class="sprite__smilefresh--before box__score-awards"><span class="for-a11y">평점</span><span class="text text__score">4.8</span><span class="for-a11y">후기</span><span class="text text__num">(119)</span><span class="for-a11y">건</span></span><span class="box__score-buycnt"><span class="text text__buy">구매</span><span class="text text__num">363</span><span class="for-a11y">건</span></span></span><span class="box__itemcard-benefit-tag"><span class="box__tag box__tag-coupon"><span class="sprite__smilefresh--before box__inner">15% 쿠폰</span></span></span></a><button type="button" class="sprite__smilefresh--after button__favorite-item" aria-describedby="itemCard_title_2518494172" aria-pressed="false" aria-label="관심상품 등록하기"></button></div></div></div></div></li><li class="list-item"><div class="box__itemcard-container"><div class="box__itemcard-body"><div class="box__itemcard-inner"><a class="link__itemcard" href="https://item.gmarket.co.kr/Item?goodscode=2518571564" tabindex="-1" aria-hidden="true"><span class="box__itemcard-img"><img class="image__itemcard no-js-400?ver=1725107973" src="data:image/gif;base64,R0lGODlhAQABAIAAAP///wAAACH5BAEAAAAALAAAAAABAAEAAAICRAEAOw==" alt="밀가루대신 아몬드파우더 250g - 상품 이미지"/><noscript><style>.no-js-400?ver=1725107973 { display: none !important; }</style><img class="image__itemcard" src="https://gdimg.gmarket.co.kr/2518571564/still/400?ver=1725107973" alt="밀가루대신 아몬드파우더 250g - 상품 이미지"/></noscript></span></a><div class="box__itemcard-info"><div class="box__element-info"><div class="element-info-qty"><button aria-describedby="itemCard_title_2518571564" class="sprite__smilefresh--before element-info-qty-minus" aria-disabled="true"><span class="for-a11y">상품 수 <!-- -->1<!-- --> 감소</span></button><span class="element-info-item-qty" aria-describedby="itemCard_title_2518571564"><span class="for-a11y">선택된 수량</span> <!-- -->1</span><button aria-describedby="itemCard_title_2518571564" class="sprite__smilefresh--before element-info-qty-plus"><span class="for-a11y">상품 수 <!-- -->1<!-- --> 증가</span></button></div><button type="button" class="sprite__smilefresh--before element-info-cart" aria-describedby="itemCard_title_2518571564"><span class="for-a11y">장바구니 담기</span></button></div><a href="https://item.gmarket.co.kr/Item?goodscode=2518571564" class="link__itemcard-info"><span class="box__itemcard-title-area" id="itemCard_title_2518571564"><span class="text__brand"><span class="text">바이오믹스</span></span><span class="text__title" id="item_title">밀가루대신 아몬드파우더 250g</span></span><span class="box__itemcard-price-area"><span class="box__price-seller"><span class="for-a11y">판매가</span><strong class="text__price-seller">6,980</strong><span class="text__unit">원</span></span></span><span class="box__itemcard-info-score"><span class="sprite__smilefresh--before box__score-awards"><span class="for-a11y">평점</span><span class="text text__score">4.9</span><span class="for-a11y">후기</span><span class="text text__num">(27)</span><span class="for-a11y">건</span></span><span class="box__score-buycnt"><span class="text text__buy">구매</span><span class="text text__num">74</span><span class="for-a11y">건</span></span></span><span class="box__itemcard-benefit-tag"><span class="box__tag box__tag-coupon"><span class="sprite__smilefresh--before box__inner">15% 쿠폰</span></span></span></a><button type="button" class="sprite__smilefresh--after button__favorite-item" aria-describedby="itemCard_title_2518571564" aria-pressed="false" aria-label="관심상품 등록하기"></button></div></div></div></div></li><li class="list-item"><div class="box__itemcard-container"><div class="box__itemcard-body"><div class="box__itemcard-inner"><a class="link__itemcard" href="https://item.gmarket.co.kr/Item?goodscode=2522524688" tabindex="-1" aria-hidden="true"><span class="box__itemcard-img"><img class="image__itemcard no-js-400?ver=1725102415" src="data:image/gif;base64,R0lGODlhAQABAIAAAP///wAAACH5BAEAAAAALAAAAAABAAEAAAICRAEAOw==" alt="배대감 들깨가루300g - 상품 이미지"/><noscript><style>.no-js-400?ver=1725102415 { display: none !important; }</style><img class="image__itemcard" src="https://gdimg.gmarket.co.kr/2522524688/still/400?ver=1725102415" alt="배대감 들깨가루300g - 상품 이미지"/></noscript></span></a><div class="box__itemcard-info"><div class="box__element-info"><div class="element-info-qty"><button aria-describedby="itemCard_title_2522524688" class="sprite__smilefresh--before element-info-qty-minus" aria-disabled="true"><span class="for-a11y">상품 수 <!-- -->1<!-- --> 감소</span></button><span class="element-info-item-qty" aria-describedby="itemCard_title_2522524688"><span class="for-a11y">선택된 수량</span> <!-- -->1</span><button aria-describedby="itemCard_title_2522524688" class="sprite__smilefresh--before element-info-qty-plus"><span class="for-a11y">상품 수 <!-- -->1<!-- --> 증가</span></button></div><button type="button" class="sprite__smilefresh--before element-info-cart" aria-describedby="itemCard_title_2522524688"><span class="for-a11y">장바구니 담기</span></button></div><a href="https://item.gmarket.co.kr/Item?goodscode=2522524688" class="link__itemcard-info"><span class="box__itemcard-title-area" id="itemCard_title_2522524688"><span class="text__title" id="item_title">배대감 들깨가루300g</span></span><span class="box__itemcard-price-area"><span class="box__price-seller"><span class="for-a11y">판매가</span><strong class="text__price-seller">18,800</strong><span class="text__unit">원</span></span></span><span class="box__itemcard-info-score"><span class="sprite__smilefresh--before box__score-awards"><span class="for-a11y">평점</span><span class="text text__score">4.8</span><span class="for-a11y">후기</span><span class="text text__num">(50)</span><span class="for-a11y">건</span></span><span class="box__score-buycnt"><span class="text text__buy">구매</span><span class="text text__num">129</span><span class="for-a11y">건</span></span></span><span class="box__itemcard-benefit-tag"><span class="box__tag box__tag-coupon"><span class="sprite__smilefresh--before box__inner">15% 쿠폰</span></span></span></a><button type="button" class="sprite__smilefresh--after button__favorite-item" aria-describedby="itemCard_title_2522524688" aria-pressed="false" aria-label="관심상품 등록하기"></button></div></div></div></div></li><li class="list-item"><div class="box__itemcard-container"><div class="box__itemcard-body"><div class="box__itemcard-inner"><a class="link__itemcard" href="https://item.gmarket.co.kr/Item?goodscode=2522795332" tabindex="-1" aria-hidden="true"><span class="box__itemcard-img"><img class="image__itemcard no-js-400?ver=1725106002" src="data:image/gif;base64,R0lGODlhAQABAIAAAP///wAAACH5BAEAAAAALAAAAAABAAEAAAICRAEAOw==" alt="밀가루대신 타피오카 전분1.2kg - 상품 이미지"/><noscript><style>.no-js-400?ver=1725106002 { display: none !important; }</style><img class="image__itemcard" src="https://gdimg.gmarket.co.kr/2522795332/still/400?ver=1725106002" alt="밀가루대신 타피오카 전분1.2kg - 상품 이미지"/></noscript></span></a><div class="box__itemcard-info"><div class="box__element-info"><div class="element-info-qty"><button aria-describedby="itemCard_title_2522795332" class="sprite__smilefresh--before element-info-qty-minus" aria-disabled="true"><span class="for-a11y">상품 수 <!-- -->1<!-- --> 감소</span></button><span class="element-info-item-qty" aria-describedby="itemCard_title_2522795332"><span class="for-a11y">선택된 수량</span> <!-- -->1</span><button aria-describedby="itemCard_title_2522795332" class="sprite__smilefresh--before element-info-qty-plus"><span class="for-a11y">상품 수 <!-- -->1<!-- --> 증가</span></button></div><button type="button" class="sprite__smilefresh--before element-info-cart" aria-describedby="itemCard_title_2522795332"><span class="for-a11y">장바구니 담기</span></button></div><a href="https://item.gmarket.co.kr/Item?goodscode=2522795332" class="link__itemcard-info"><span class="box__itemcard-title-area" id="itemCard_title_2522795332"><span class="text__title" id="item_title">밀가루대신 타피오카 전분1.2kg</span></span><span class="box__itemcard-price-area"><span class="box__price-seller"><span class="for-a11y">판매가</span><strong class="text__price-seller">6,480</strong><span class="text__unit">원</span></span><span class="box__prime-cost"><span class="for-a11y">원가</span><span class="text__unit-cost">(<!-- -->100g당 540원<!-- -->)</span></span></span><span class="box__itemcard-info-score"><span class="sprite__smilefresh--before box__score-awards"><span class="for-a11y">평점</span><span class="text text__score">4.8</span><span class="for-a11y">후기</span><span class="text text__num">(92)</span><span class="for-a11y">건</span></span><span class="box__score-buycnt"><span class="text text__buy">구매</span><span class="text text__num">180</span><span class="for-a11y">건</span></span></span><span class="box__itemcard-benefit-tag"><span class="box__tag box__tag-coupon"><span class="sprite__smilefresh--before box__inner">15% 쿠폰</span></span></span></a><button type="button" class="sprite__smilefresh--after button__favorite-item" aria-describedby="itemCard_title_2522795332" aria-pressed="false" aria-label="관심상품 등록하기"></button></div></div></div></div></li><li class="list-item"><div class="box__itemcard-container"><div class="box__itemcard-body"><div class="box__itemcard-inner"><a class="link__itemcard" href="https://item.gmarket.co.kr/Item?goodscode=2522877217" tabindex="-1" aria-hidden="true"><span class="box__itemcard-img"><img class="image__itemcard no-js-400?ver=1725117878" src="data:image/gif;base64,R0lGODlhAQABAIAAAP///wAAACH5BAEAAAAALAAAAAABAAEAAAICRAEAOw==" alt="노브랜드 간편한김치전믹스 210g - 상품 이미지"/><noscript><style>.no-js-400?ver=1725117878 { display: none !important; }</style><img class="image__itemcard" src="https://gdimg.gmarket.co.kr/2522877217/still/400?ver=1725117878" alt="노브랜드 간편한김치전믹스 210g - 상품 이미지"/></noscript></span></a><div class="box__itemcard-info"><div class="box__element-info"><div class="element-info-qty"><button aria-describedby="itemCard_title_2522877217" class="sprite__smilefresh--before element-info-qty-minus" aria-disabled="true"><span class="for-a11y">상품 수 <!-- -->1<!-- --> 감소</span></button><span class="element-info-item-qty" aria-describedby="itemCard_title_2522877217"><span class="for-a11y">선택된 수량</span> <!-- -->1</span><button aria-describedby="itemCard_title_2522877217" class="sprite__smilefresh--before element-info-qty-plus"><span class="for-a11y">상품 수 <!-- -->1<!-- --> 증가</span></button></div><button type="button" class="sprite__smilefresh--before element-info-cart" aria-describedby="itemCard_title_2522877217"><span class="for-a11y">장바구니 담기</span></button></div><a href="https://item.gmarket.co.kr/Item?goodscode=2522877217" class="link__itemcard-info"><span class="box__itemcard-title-area" id="itemCard_title_2522877217"><span class="text__brand"><span class="text">노브랜드</span></span><span class="text__title" id="item_title">노브랜드 간편한김치전믹스 210g</span></span><span class="box__itemcard-price-area"><span class="box__price-seller"><span class="for-a11y">판매가</span><strong class="text__price-seller">3,280</strong><span class="text__unit">원</span></span></span><span class="box__itemcard-info-score"><span class="sprite__smilefresh--before box__score-awards"><span class="for-a11y">평점</span><span class="text text__score">4.7</span><span class="for-a11y">후기</span><span class="text text__num">(283)</span><span class="for-a11y">건</span></span><span class="box__score-buycnt"><span class="text text__buy">구매</span><span class="text text__num">991</span><span class="for-a11y">건</span></span></span></a><button type="button" class="sprite__smilefresh--after button__favorite-item" aria-describedby="itemCard_title_2522877217" aria-pressed="false" aria-label="관심상품 등록하기"></button></div></div></div></div></li><li class="list-item"><div class="box__itemcard-container"><div class="box__itemcard-body"><div class="box__itemcard-inner"><a class="link__itemcard" href="https://item.gmarket.co.kr/Item?goodscode=2519410481" tabindex="-1" aria-hidden="true"><span class="box__itemcard-img"><img class="image__itemcard no-js-400?ver=1725123830" src="data:image/gif;base64,R0lGODlhAQABAIAAAP///wAAACH5BAEAAAAALAAAAAABAAEAAAICRAEAOw==" alt="곰표 강력 밀가루 1kg - 상품 이미지"/><noscript><style>.no-js-400?ver=1725123830 { display: none !important; }</style><img class="image__itemcard" src="https://gdimg.gmarket.co.kr/2519410481/still/400?ver=1725123830" alt="곰표 강력 밀가루 1kg - 상품 이미지"/></noscript></span></a><div class="box__itemcard-info"><div class="box__element-info"><div class="element-info-qty"><button aria-describedby="itemCard_title_2519410481" class="sprite__smilefresh--before element-info-qty-minus" aria-disabled="true"><span class="for-a11y">상품 수 <!-- -->1<!-- --> 감소</span></button><span class="element-info-item-qty" aria-describedby="itemCard_title_2519410481"><span class="for-a11y">선택된 수량</span> <!-- -->1</span><button aria-describedby="itemCard_title_2519410481" class="sprite__smilefresh--before element-info-qty-plus"><span class="for-a11y">상품 수 <!-- -->1<!-- --> 증가</span></button></div><button type="button" class="sprite__smilefresh--before element-info-cart" aria-describedby="itemCard_title_2519410481"><span class="for-a11y">장바구니 담기</span></button></div><a href="https://item.gmarket.co.kr/Item?goodscode=2519410481" class="link__itemcard-info"><span class="box__itemcard-title-area" id="itemCard_title_2519410481"><span class="text__brand"><span class="text">곰표</span></span><span class="text__title" id="item_title">곰표 강력 밀가루 1kg</span></span><span class="box__itemcard-price-area"><span class="box__price-seller"><span class="for-a11y">판매가</span><strong class="text__price-seller">2,220</strong><span class="text__unit">원</span></span><span class="box__prime-cost"><span class="for-a11y">원가</span><span class="text__unit-cost">(<!-- -->100g당 222원<!-- -->)</span></span></span><span class="box__itemcard-info-score"><span class="sprite__smilefresh--before box__score-awards"><span class="for-a11y">평점</span><span class="text text__score">4.7</span><span class="for-a11y">후기</span><span class="text text__num">(145)</span><span class="for-a11y">건</span></span><span class="box__score-buycnt"><span class="text text__buy">구매</span><span class="text text__num">589</span><span class="for-a11y">건</span></span></span><span class="box__itemcard-benefit-tag"><span class="box__tag box__tag-coupon"><span class="sprite__smilefresh--before box__inner">15% 쿠폰</span></span></span></a><button type="button" class="sprite__smilefresh--after button__favorite-item" aria-describedby="itemCard_title_2519410481" aria-pressed="false" aria-label="관심상품 등록하기"></button></div></div></div></div></li><li class="list-item"><div class="box__itemcard-container"><div class="box__itemcard-body"><div class="box__itemcard-inner"><a class="link__itemcard" href="https://item.gmarket.co.kr/Item?goodscode=2522594892" tabindex="-1" aria-hidden="true"><span class="box__itemcard-img"><img class="image__itemcard no-js-400?ver=1725102335" src="data:image/gif;base64,R0lGODlhAQABAIAAAP///wAAACH5BAEAAAAALAAAAAABAAEAAAICRAEAOw==" alt="배대감 옥수수맛전분350g - 상품 이미지"/><noscript><style>.no-js-400?ver=1725102335 { display: none !important; }</style><img class="image__itemcard" src="https://gdimg.gmarket.co.kr/2522594892/still/400?ver=1725102335" alt="배대감 옥수수맛전분350g - 상품 이미지"/></noscript></span></a><div class="box__itemcard-info"><div class="box__element-info"><div class="element-info-qty"><button aria-describedby="itemCard_title_2522594892" class="sprite__smilefresh--before element-info-qty-minus" aria-disabled="true"><span class="for-a11y">상품 수 <!-- -->1<!-- --> 감소</span></button><span class="element-info-item-qty" aria-describedby="itemCard_title_2522594892"><span class="for-a11y">선택된 수량</span> <!-- -->1</span><button aria-describedby="itemCard_title_2522594892" class="sprite__smilefresh--before element-info-qty-plus"><span class="for-a11y">상품 수 <!-- -->1<!-- --> 증가</span></button></div><button type="button" class="sprite__smilefresh--before element-info-cart" aria-describedby="itemCard_title_2522594892"><span class="for-a11y">장바구니 담기</span></button></div><a href="https://item.gmarket.co.kr/Item?goodscode=2522594892" class="link__itemcard-info"><span class="box__itemcard-title-area" id="itemCard_title_2522594892"><span class="text__brand"><span class="text">배대감</span></span><span class="text__title" id="item_title">배대감 옥수수맛전분350g</span></span><span class="box__itemcard-price-area"><span class="box__price-seller"><span class="for-a11y">판매가</span><strong class="text__price-seller">2,180</strong><span class="text__unit">원</span></span><span class="box__prime-cost"><span class="for-a11y">원가</span><span class="text__unit-cost">(<!-- -->100g당 623원<!-- -->)</span></span></span><span class="box__itemcard-info-score"><span class="sprite__smilefresh--before box__score-awards"><span class="for-a11y">평점</span><span class="text text__score">4.7</span><span class="for-a11y">후기</span><span class="text text__num">(195)</span><span class="for-a11y">건</span></span><span class="box__score-buycnt"><span class="text text__buy">구매</span><span class="text text__num">650</span><span class="for-a11y">건</span></span></span><span class="box__itemcard-benefit-tag"><span class="box__tag box__tag-coupon"><span class="sprite__smilefresh--before box__inner">15% 쿠폰</span></span></span></a><button type="button" class="sprite__smilefresh--after button__favorite-item" aria-describedby="itemCard_title_2522594892" aria-pressed="false" aria-label="관심상품 등록하기"></button></div></div></div></div></li><li class="list-item"><div class="box__itemcard-container"><div class="box__itemcard-body"><div class="box__itemcard-inner"><a class="link__itemcard" href="https://item.gmarket.co.kr/Item?goodscode=2523390647" tabindex="-1" aria-hidden="true"><span class="box__itemcard-img"><img class="image__itemcard no-js-400?ver=1725100045" src="data:image/gif;base64,R0lGODlhAQABAIAAAP///wAAACH5BAEAAAAALAAAAAABAAEAAAICRAEAOw==" alt="성진 청국장분말 350g - 상품 이미지"/><noscript><style>.no-js-400?ver=1725100045 { display: none !important; }</style><img class="image__itemcard" src="https://gdimg.gmarket.co.kr/2523390647/still/400?ver=1725100045" alt="성진 청국장분말 350g - 상품 이미지"/></noscript></span></a><div class="box__itemcard-info"><div class="box__element-info"><div class="element-info-qty"><button aria-describedby="itemCard_title_2523390647" class="sprite__smilefresh--before element-info-qty-minus" aria-disabled="true"><span class="for-a11y">상품 수 <!-- -->1<!-- --> 감소</span></button><span class="element-info-item-qty" aria-describedby="itemCard_title_2523390647"><span class="for-a11y">선택된 수량</span> <!-- -->1</span><button aria-describedby="itemCard_title_2523390647" class="sprite__smilefresh--before element-info-qty-plus"><span class="for-a11y">상품 수 <!-- -->1<!-- --> 증가</span></button></div><button type="button" class="sprite__smilefresh--before element-info-cart" aria-describedby="itemCard_title_2523390647"><span class="for-a11y">장바구니 담기</span></button></div><a href="https://item.gmarket.co.kr/Item?goodscode=2523390647" class="link__itemcard-info"><span class="box__itemcard-title-area" id="itemCard_title_2523390647"><span class="text__title" id="item_title">성진 청국장분말 350g</span></span><span class="box__itemcard-price-area"><span class="box__price-seller"><span class="for-a11y">판매가</span><strong class="text__price-seller">10,800</strong><span class="text__unit">원</span></span></span><span class="box__itemcard-info-score"><span class="sprite__smilefresh--before box__score-awards"><span class="for-a11y">평점</span><span class="text text__score">4.7</span><span class="for-a11y">후기</span><span class="text text__num">(31)</span><span class="for-a11y">건</span></span><span class="box__score-buycnt"><span class="text text__buy">구매</span><span class="text text__num">47</span><span class="for-a11y">건</span></span></span><span class="box__itemcard-benefit-tag"><span class="box__tag box__tag-coupon"><span class="sprite__smilefresh--before box__inner">15% 쿠폰</span></span></span></a><button type="button" class="sprite__smilefresh--after button__favorite-item" aria-describedby="itemCard_title_2523390647" aria-pressed="false" aria-label="관심상품 등록하기"></button></div></div></div></div></li><li class="list-item"><div class="box__itemcard-container"><div class="box__itemcard-body"><div class="box__itemcard-inner"><a class="link__itemcard" href="https://item.gmarket.co.kr/Item?goodscode=2561848622" tabindex="-1" aria-hidden="true"><span class="box__itemcard-img"><img class="image__itemcard no-js-400?ver=1725088399" src="data:image/gif;base64,R0lGODlhAQABAIAAAP///wAAACH5BAEAAAAALAAAAAABAAEAAAICRAEAOw==" alt="믹스앤베이크 MixBake 홈메이드 베이킹 파우더 170g - 상품 이미지"/><noscript><style>.no-js-400?ver=1725088399 { display: none !important; }</style><img class="image__itemcard" src="https://gdimg.gmarket.co.kr/2561848622/still/400?ver=1725088399" alt="믹스앤베이크 MixBake 홈메이드 베이킹 파우더 170g - 상품 이미지"/></noscript></span></a><div class="box__itemcard-info"><div class="box__element-info"><div class="element-info-qty"><button aria-describedby="itemCard_title_2561848622" class="sprite__smilefresh--before element-info-qty-minus" aria-disabled="true"><span class="for-a11y">상품 수 <!-- -->1<!-- --> 감소</span></button><span class="element-info-item-qty" aria-describedby="itemCard_title_2561848622"><span class="for-a11y">선택된 수량</span> <!-- -->1</span><button aria-describedby="itemCard_title_2561848622" class="sprite__smilefresh--before element-info-qty-plus"><span class="for-a11y">상품 수 <!-- -->1<!-- --> 증가</span></button></div><button type="button" class="sprite__smilefresh--before element-info-cart" aria-describedby="itemCard_title_2561848622"><span class="for-a11y">장바구니 담기</span></button></div><a href="https://item.gmarket.co.kr/Item?goodscode=2561848622" class="link__itemcard-info"><span class="box__itemcard-title-area" id="itemCard_title_2561848622"><span class="text__title" id="item_title">믹스앤베이크 MixBake 홈메이드 베이킹 파우더 170g</span></span><span class="box__itemcard-price-area"><span class="box__price-seller"><span class="for-a11y">판매가</span><strong class="text__price-seller">2,480</strong><span class="text__unit">원</span></span></span><span class="box__itemcard-info-score"><span class="sprite__smilefresh--before box__score-awards"><span class="for-a11y">평점</span><span class="text text__score">4.7</span><span class="for-a11y">후기</span><span class="text text__num">(67)</span><span class="for-a11y">건</span></span><span class="box__score-buycnt"><span class="text text__buy">구매</span><span class="text text__num">194</span><span class="for-a11y">건</span></span></span><span class="box__itemcard-benefit-tag"><span class="box__tag box__tag-coupon"><span class="sprite__smilefresh--before box__inner">15% 쿠폰</span></span></span></a><button type="button" class="sprite__smilefresh--after button__favorite-item" aria-describedby="itemCard_title_2561848622" aria-pressed="false" aria-label="관심상품 등록하기"></button></div></div></div></div></li><li class="list-item"><div class="box__itemcard-container"><div class="box__itemcard-body"><div class="box__itemcard-inner"><a class="link__itemcard" href="https://item.gmarket.co.kr/Item?goodscode=3610320530" tabindex="-1" aria-hidden="true"><span class="box__itemcard-img"><img class="image__itemcard no-js-400?ver=1725141440" src="data:image/gif;base64,R0lGODlhAQABAIAAAP///wAAACH5BAEAAAAALAAAAAABAAEAAAICRAEAOw==" alt="피코크 와플팬케익믹스 400g - 상품 이미지"/><noscript><style>.no-js-400?ver=1725141440 { display: none !important; }</style><img class="image__itemcard" src="https://gdimg.gmarket.co.kr/3610320530/still/400?ver=1725141440" alt="피코크 와플팬케익믹스 400g - 상품 이미지"/></noscript></span></a><div class="box__itemcard-info"><div class="box__element-info"><div class="element-info-qty"><button aria-describedby="itemCard_title_3610320530" class="sprite__smilefresh--before element-info-qty-minus" aria-disabled="true"><span class="for-a11y">상품 수 <!-- -->1<!-- --> 감소</span></button><span class="element-info-item-qty" aria-describedby="itemCard_title_3610320530"><span class="for-a11y">선택된 수량</span> <!-- -->1</span><button aria-describedby="itemCard_title_3610320530" class="sprite__smilefresh--before element-info-qty-plus"><span class="for-a11y">상품 수 <!-- -->1<!-- --> 증가</span></button></div><button type="button" class="sprite__smilefresh--before element-info-cart" aria-describedby="itemCard_title_3610320530"><span class="for-a11y">장바구니 담기</span></button></div><a href="https://item.gmarket.co.kr/Item?goodscode=3610320530" class="link__itemcard-info"><span class="box__itemcard-title-area" id="itemCard_title_3610320530"><span class="text__title" id="item_title">피코크 와플팬케익믹스 400g</span></span><span class="box__itemcard-price-area"><span class="box__price-seller"><span class="for-a11y">판매가</span><strong class="text__price-seller">2,980</strong><span class="text__unit">원</span></span></span><span class="box__itemcard-info-score"><span class="sprite__smilefresh--before box__score-awards"><span class="for-a11y">평점</span><span class="text text__score">4.4</span><span class="for-a11y">후기</span><span class="text text__num">(21)</span><span class="for-a11y">건</span></span><span class="box__score-buycnt"><span class="text text__buy">구매</span><span class="text text__num">128</span><span class="for-a11y">건</span></span></span><span class="box__itemcard-benefit-tag"><span class="box__tag box__tag-coupon"><span class="sprite__smilefresh--before box__inner">15% 쿠폰</span></span></span></a><button type="button" class="sprite__smilefresh--after button__favorite-item" aria-describedby="itemCard_title_3610320530" aria-pressed="false" aria-label="관심상품 등록하기"></button></div></div></div></div></li><li class="list-item"><div class="box__itemcard-container"><div class="box__itemcard-body"><div class="box__itemcard-inner"><a class="link__itemcard" href="https://item.gmarket.co.kr/Item?goodscode=2518741322" tabindex="-1" aria-hidden="true"><span class="box__itemcard-img"><img class="image__itemcard no-js-400?ver=1725091741" src="data:image/gif;base64,R0lGODlhAQABAIAAAP///wAAACH5BAEAAAAALAAAAAABAAEAAAICRAEAOw==" alt="성진 찹쌀가루 1kg - 상품 이미지"/><noscript><style>.no-js-400?ver=1725091741 { display: none !important; }</style><img class="image__itemcard" src="https://gdimg.gmarket.co.kr/2518741322/still/400?ver=1725091741" alt="성진 찹쌀가루 1kg - 상품 이미지"/></noscript></span></a><div class="box__itemcard-info"><div class="box__element-info"><div class="element-info-qty"><button aria-describedby="itemCard_title_2518741322" class="sprite__smilefresh--before element-info-qty-minus" aria-disabled="true"><span class="for-a11y">상품 수 <!-- -->1<!-- --> 감소</span></button><span class="element-info-item-qty" aria-describedby="itemCard_title_2518741322"><span class="for-a11y">선택된 수량</span> <!-- -->1</span><button aria-describedby="itemCard_title_2518741322" class="sprite__smilefresh--before element-info-qty-plus"><span class="for-a11y">상품 수 <!-- -->1<!-- --> 증가</span></button></div><button type="button" class="sprite__smilefresh--before element-info-cart" aria-describedby="itemCard_title_2518741322"><span class="for-a11y">장바구니 담기</span></button></div><a href="https://item.gmarket.co.kr/Item?goodscode=2518741322" class="link__itemcard-info"><span class="box__itemcard-title-area" id="itemCard_title_2518741322"><span class="text__title" id="item_title">성진 찹쌀가루 1kg</span></span><span class="box__itemcard-price-area"><span class="box__price-seller"><span class="for-a11y">판매가</span><strong class="text__price-seller">8,280</strong><span class="text__unit">원</span></span></span><span class="box__itemcard-info-score"><span class="sprite__smilefresh--before box__score-awards"><span class="for-a11y">평점</span><span class="text text__score">4.7</span><span class="for-a11y">후기</span><span class="text text__num">(126)</span><span class="for-a11y">건</span></span><span class="box__score-buycnt"><span class="text text__buy">구매</span><span class="text text__num">318</span><span class="for-a11y">건</span></span></span><span class="box__itemcard-benefit-tag"><span class="box__tag box__tag-coupon"><span class="sprite__smilefresh--before box__inner">15% 쿠폰</span></span></span></a><button type="button" class="sprite__smilefresh--after button__favorite-item" aria-describedby="itemCard_title_2518741322" aria-pressed="false" aria-label="관심상품 등록하기"></button></div></div></div></div></li><li class="list-item"><div class="box__itemcard-container"><div class="box__itemcard-body"><div class="box__itemcard-inner"><a class="link__itemcard" href="https://item.gmarket.co.kr/Item?goodscode=2522596795" tabindex="-1" aria-hidden="true"><span class="box__itemcard-img"><img class="image__itemcard no-js-400?ver=1725102620" src="data:image/gif;base64,R0lGODlhAQABAIAAAP///wAAACH5BAEAAAAALAAAAAABAAEAAAICRAEAOw==" alt="배대감 녹두가루 400g - 상품 이미지"/><noscript><style>.no-js-400?ver=1725102620 { display: none !important; }</style><img class="image__itemcard" src="https://gdimg.gmarket.co.kr/2522596795/still/400?ver=1725102620" alt="배대감 녹두가루 400g - 상품 이미지"/></noscript></span></a><div class="box__itemcard-info"><div class="box__element-info"><div class="element-info-qty"><button aria-describedby="itemCard_title_2522596795" class="sprite__smilefresh--before element-info-qty-minus" aria-disabled="true"><span class="for-a11y">상품 수 <!-- -->1<!-- --> 감소</span></button><span class="element-info-item-qty" aria-describedby="itemCard_title_2522596795"><span class="for-a11y">선택된 수량</span> <!-- -->1</span><button aria-describedby="itemCard_title_2522596795" class="sprite__smilefresh--before element-info-qty-plus"><span class="for-a11y">상품 수 <!-- -->1<!-- --> 증가</span></button></div><button type="button" class="sprite__smilefresh--before element-info-cart" aria-describedby="itemCard_title_2522596795"><span class="for-a11y">장바구니 담기</span></button></div><a href="https://item.gmarket.co.kr/Item?goodscode=2522596795" class="link__itemcard-info"><span class="box__itemcard-title-area" id="itemCard_title_2522596795"><span class="text__title" id="item_title">배대감 녹두가루 400g</span></span><span class="box__itemcard-price-area"><span class="box__price-seller"><span class="for-a11y">판매가</span><strong class="text__price-seller">5,280</strong><span class="text__unit">원</span></span></span><span class="box__itemcard-info-score"><span class="sprite__smilefresh--before box__score-awards"><span class="for-a11y">평점</span><span class="text text__score">4.7</span><span class="for-a11y">후기</span><span class="text text__num">(50)</span><span class="for-a11y">건</span></span><span class="box__score-buycnt"><span class="text text__buy">구매</span><span class="text text__num">117</span><span class="for-a11y">건</span></span></span><span class="box__itemcard-benefit-tag"><span class="box__tag box__tag-coupon"><span class="sprite__smilefresh--before box__inner">15% 쿠폰</span></span></span></a><button type="button" class="sprite__smilefresh--after button__favorite-item" aria-describedby="itemCard_title_2522596795" aria-pressed="false" aria-label="관심상품 등록하기"></button></div></div></div></div></li><li class="list-item"><div class="box__itemcard-container"><div class="box__itemcard-body"><div class="box__itemcard-inner"><a class="link__itemcard" href="https://item.gmarket.co.kr/Item?goodscode=2523164924" tabindex="-1" aria-hidden="true"><span class="box__itemcard-img"><img class="image__itemcard no-js-400?ver=1725100064" src="data:image/gif;base64,R0lGODlhAQABAIAAAP///wAAACH5BAEAAAAALAAAAAABAAEAAAICRAEAOw==" alt="브래드가든 진저쿠키만들기세트350G - 상품 이미지"/><noscript><style>.no-js-400?ver=1725100064 { display: none !important; }</style><img class="image__itemcard" src="https://gdimg.gmarket.co.kr/2523164924/still/400?ver=1725100064" alt="브래드가든 진저쿠키만들기세트350G - 상품 이미지"/></noscript></span></a><div class="box__itemcard-info"><div class="box__element-info"><div class="element-info-qty"><button aria-describedby="itemCard_title_2523164924" class="sprite__smilefresh--before element-info-qty-minus" aria-disabled="true"><span class="for-a11y">상품 수 <!-- -->1<!-- --> 감소</span></button><span class="element-info-item-qty" aria-describedby="itemCard_title_2523164924"><span class="for-a11y">선택된 수량</span> <!-- -->1</span><button aria-describedby="itemCard_title_2523164924" class="sprite__smilefresh--before element-info-qty-plus"><span class="for-a11y">상품 수 <!-- -->1<!-- --> 증가</span></button></div><button type="button" class="sprite__smilefresh--before element-info-cart" aria-describedby="itemCard_title_2523164924"><span class="for-a11y">장바구니 담기</span></button></div><a href="https://item.gmarket.co.kr/Item?goodscode=2523164924" class="link__itemcard-info"><span class="box__itemcard-title-area" id="itemCard_title_2523164924"><span class="text__title" id="item_title">브래드가든 진저쿠키만들기세트350G</span></span><span class="box__itemcard-price-area"><span class="box__price-seller"><span class="for-a11y">판매가</span><strong class="text__price-seller">9,980</strong><span class="text__unit">원</span></span></span><span class="box__itemcard-info-score"><span class="sprite__smilefresh--before box__score-awards"><span class="for-a11y">평점</span><span class="text text__score">4.8</span><span class="for-a11y">후기</span><span class="text text__num">(22)</span><span class="for-a11y">건</span></span><span class="box__score-buycnt"><span class="text text__buy">구매</span><span class="text text__num">78</span><span class="for-a11y">건</span></span></span><span class="box__itemcard-benefit-tag"><span class="box__tag box__tag-coupon"><span class="sprite__smilefresh--before box__inner">15% 쿠폰</span></span></span></a><button type="button" class="sprite__smilefresh--after button__favorite-item" aria-describedby="itemCard_title_2523164924" aria-pressed="false" aria-label="관심상품 등록하기"></button></div></div></div></div></li><li class="list-item"><div class="box__itemcard-container"><div class="box__itemcard-body"><div class="box__itemcard-inner"><a class="link__itemcard" href="https://item.gmarket.co.kr/Item?goodscode=2531275831" tabindex="-1" aria-hidden="true"><span class="box__itemcard-img"><img class="image__itemcard no-js-400?ver=1725123458" src="data:image/gif;base64,R0lGODlhAQABAIAAAP///wAAACH5BAEAAAAALAAAAAABAAEAAAICRAEAOw==" alt="티아시아 요거트 라씨 망고 파우더 320g - 상품 이미지"/><noscript><style>.no-js-400?ver=1725123458 { display: none !important; }</style><img class="image__itemcard" src="https://gdimg.gmarket.co.kr/2531275831/still/400?ver=1725123458" alt="티아시아 요거트 라씨 망고 파우더 320g - 상품 이미지"/></noscript></span></a><div class="box__itemcard-info"><div class="box__element-info"><div class="element-info-qty"><button aria-describedby="itemCard_title_2531275831" class="sprite__smilefresh--before element-info-qty-minus" aria-disabled="true"><span class="for-a11y">상품 수 <!-- -->1<!-- --> 감소</span></button><span class="element-info-item-qty" aria-describedby="itemCard_title_2531275831"><span class="for-a11y">선택된 수량</span> <!-- -->1</span><button aria-describedby="itemCard_title_2531275831" class="sprite__smilefresh--before element-info-qty-plus"><span class="for-a11y">상품 수 <!-- -->1<!-- --> 증가</span></button></div><button type="button" class="sprite__smilefresh--before element-info-cart" aria-describedby="itemCard_title_2531275831"><span class="for-a11y">장바구니 담기</span></button></div><a href="https://item.gmarket.co.kr/Item?goodscode=2531275831" class="link__itemcard-info"><span class="box__itemcard-title-area" id="itemCard_title_2531275831"><span class="text__title" id="item_title">티아시아 요거트 라씨 망고 파우더 320g</span></span><span class="box__itemcard-price-area"><span class="box__price-seller"><span class="for-a11y">판매가</span><strong class="text__price-seller">6,280</strong><span class="text__unit">원</span></span></span><span class="box__itemcard-info-score"><span class="sprite__smilefresh--before box__score-awards"><span class="for-a11y">평점</span><span class="text text__score">4.9</span><span class="for-a11y">후기</span><span class="text text__num">(24)</span><span class="for-a11y">건</span></span><span class="box__score-buycnt"><span class="text text__buy">구매</span><span class="text text__num">129</span><span class="for-a11y">건</span></span></span><span class="box__itemcard-benefit-tag"><span class="box__tag box__tag-coupon"><span class="sprite__smilefresh--before box__inner">15% 쿠폰</span></span></span></a><button type="button" class="sprite__smilefresh--after button__favorite-item" aria-describedby="itemCard_title_2531275831" aria-pressed="false" aria-label="관심상품 등록하기"></button></div></div></div></div></li><li class="list-item"><div class="box__itemcard-container"><div class="box__itemcard-body"><div class="box__itemcard-inner"><a class="link__itemcard" href="https://item.gmarket.co.kr/Item?goodscode=2745617530" tabindex="-1" aria-hidden="true"><span class="box__itemcard-img"><img class="image__itemcard no-js-400?ver=1725128321" src="data:image/gif;base64,R0lGODlhAQABAIAAAP///wAAACH5BAEAAAAALAAAAAABAAEAAAICRAEAOw==" alt="자연주의 국산 튀김가루 700g - 상품 이미지"/><noscript><style>.no-js-400?ver=1725128321 { display: none !important; }</style><img class="image__itemcard" src="https://gdimg.gmarket.co.kr/2745617530/still/400?ver=1725128321" alt="자연주의 국산 튀김가루 700g - 상품 이미지"/></noscript></span></a><div class="box__itemcard-info"><div class="box__element-info"><div class="element-info-qty"><button aria-describedby="itemCard_title_2745617530" class="sprite__smilefresh--before element-info-qty-minus" aria-disabled="true"><span class="for-a11y">상품 수 <!-- -->1<!-- --> 감소</span></button><span class="element-info-item-qty" aria-describedby="itemCard_title_2745617530"><span class="for-a11y">선택된 수량</span> <!-- -->1</span><button aria-describedby="itemCard_title_2745617530" class="sprite__smilefresh--before element-info-qty-plus"><span class="for-a11y">상품 수 <!-- -->1<!-- --> 증가</span></button></div><button type="button" class="sprite__smilefresh--before element-info-cart" aria-describedby="itemCard_title_2745617530"><span class="for-a11y">장바구니 담기</span></button></div><a href="https://item.gmarket.co.kr/Item?goodscode=2745617530" class="link__itemcard-info"><span class="box__itemcard-title-area" id="itemCard_title_2745617530"><span class="text__brand"><span class="text">자연주의</span></span><span class="text__title" id="item_title">자연주의 국산 튀김가루 700g</span></span><span class="box__itemcard-price-area"><span class="box__price-seller"><span class="for-a11y">판매가</span><strong class="text__price-seller">5,980</strong><span class="text__unit">원</span></span><span class="box__prime-cost"><span class="for-a11y">원가</span><strong class="text__dc-rate">25<!-- -->%</strong><span class="text__prime-cost">7,980<span class="text__unit">원</span></span><span class="text__unit-cost">(<!-- -->100g당 854원<!-- -->)</span></span></span><span class="box__itemcard-info-score"><span class="sprite__smilefresh--before box__score-awards"><span class="for-a11y">평점</span><span class="text text__score">4.8</span><span class="for-a11y">후기</span><span class="text text__num">(27)</span><span class="for-a11y">건</span></span><span class="box__score-buycnt"><span class="text text__buy">구매</span><span class="text text__num">75</span><span class="for-a11y">건</span></span></span><span class="box__itemcard-benefit-tag"><span class="box__tag box__tag-coupon"><span class="sprite__smilefresh--before box__inner">15% 쿠폰</span></span></span></a><button type="button" class="sprite__smilefresh--after button__favorite-item" aria-describedby="itemCard_title_2745617530" aria-pressed="false" aria-label="관심상품 등록하기"></button></div></div></div></div></li><li class="list-item"><div class="box__itemcard-container"><div class="box__itemcard-body"><div class="box__itemcard-inner"><a class="link__itemcard" href="https://item.gmarket.co.kr/Item?goodscode=2518561183" tabindex="-1" aria-hidden="true"><span class="box__itemcard-img"><img class="image__itemcard no-js-400?ver=1725092638" src="data:image/gif;base64,R0lGODlhAQABAIAAAP///wAAACH5BAEAAAAALAAAAAABAAEAAAICRAEAOw==" alt="무농약 찹쌀가루 500g - 상품 이미지"/><noscript><style>.no-js-400?ver=1725092638 { display: none !important; }</style><img class="image__itemcard" src="https://gdimg.gmarket.co.kr/2518561183/still/400?ver=1725092638" alt="무농약 찹쌀가루 500g - 상품 이미지"/></noscript></span></a><div class="box__itemcard-info"><div class="box__element-info"><div class="element-info-qty"><button aria-describedby="itemCard_title_2518561183" class="sprite__smilefresh--before element-info-qty-minus" aria-disabled="true"><span class="for-a11y">상품 수 <!-- -->1<!-- --> 감소</span></button><span class="element-info-item-qty" aria-describedby="itemCard_title_2518561183"><span class="for-a11y">선택된 수량</span> <!-- -->1</span><button aria-describedby="itemCard_title_2518561183" class="sprite__smilefresh--before element-info-qty-plus"><span class="for-a11y">상품 수 <!-- -->1<!-- --> 증가</span></button></div><button type="button" class="sprite__smilefresh--before element-info-cart" aria-describedby="itemCard_title_2518561183"><span class="for-a11y">장바구니 담기</span></button></div><a href="https://item.gmarket.co.kr/Item?goodscode=2518561183" class="link__itemcard-info"><span class="box__itemcard-title-area" id="itemCard_title_2518561183"><span class="text__brand"><span class="text">청오</span></span><span class="text__title" id="item_title">무농약 찹쌀가루 500g</span></span><span class="box__itemcard-price-area"><span class="box__price-seller"><span class="for-a11y">판매가</span><strong class="text__price-seller">4,880</strong><span class="text__unit">원</span></span></span><span class="box__itemcard-info-score"><span class="sprite__smilefresh--before box__score-awards"><span class="for-a11y">평점</span><span class="text text__score">4.8</span><span class="for-a11y">후기</span><span class="text text__num">(33)</span><span class="for-a11y">건</span></span><span class="box__score-buycnt"><span class="text text__buy">구매</span><span class="text text__num">101</span><span class="for-a11y">건</span></span></span><span class="box__itemcard-benefit-tag"><span class="box__tag box__tag-coupon"><span class="sprite__smilefresh--before box__inner">15% 쿠폰</span></span></span></a><button type="button" class="sprite__smilefresh--after button__favorite-item" aria-describedby="itemCard_title_2518561183" aria-pressed="false" aria-label="관심상품 등록하기"></button></div></div></div></div></li><li class="list-item"><div class="box__itemcard-container"><div class="box__itemcard-body"><div class="box__itemcard-inner"><a class="link__itemcard" href="https://item.gmarket.co.kr/Item?goodscode=2522484025" tabindex="-1" aria-hidden="true"><span class="box__itemcard-img"><img class="image__itemcard no-js-400?ver=1725102083" src="data:image/gif;base64,R0lGODlhAQABAIAAAP///wAAACH5BAEAAAAALAAAAAABAAEAAAICRAEAOw==" alt="브레드가든이스트(4g8봉)32g - 상품 이미지"/><noscript><style>.no-js-400?ver=1725102083 { display: none !important; }</style><img class="image__itemcard" src="https://gdimg.gmarket.co.kr/2522484025/still/400?ver=1725102083" alt="브레드가든이스트(4g8봉)32g - 상품 이미지"/></noscript></span></a><div class="box__itemcard-info"><div class="box__element-info"><div class="element-info-qty"><button aria-describedby="itemCard_title_2522484025" class="sprite__smilefresh--before element-info-qty-minus" aria-disabled="true"><span class="for-a11y">상품 수 <!-- -->1<!-- --> 감소</span></button><span class="element-info-item-qty" aria-describedby="itemCard_title_2522484025"><span class="for-a11y">선택된 수량</span> <!-- -->1</span><button aria-describedby="itemCard_title_2522484025" class="sprite__smilefresh--before element-info-qty-plus"><span class="for-a11y">상품 수 <!-- -->1<!-- --> 증가</span></button></div><button type="button" class="sprite__smilefresh--before element-info-cart" aria-describedby="itemCard_title_2522484025"><span class="for-a11y">장바구니 담기</span></button></div><a href="https://item.gmarket.co.kr/Item?goodscode=2522484025" class="link__itemcard-info"><span class="box__itemcard-title-area" id="itemCard_title_2522484025"><span class="text__brand"><span class="text">브레드가든</span></span><span class="text__title" id="item_title">브레드가든이스트(4g8봉)32g</span></span><span class="box__itemcard-price-area"><span class="box__price-seller"><span class="for-a11y">판매가</span><strong class="text__price-seller">3,680</strong><span class="text__unit">원</span></span></span><span class="box__itemcard-info-score"><span class="sprite__smilefresh--before box__score-awards"><span class="for-a11y">평점</span><span class="text text__score">4.6</span><span class="for-a11y">후기</span><span class="text text__num">(70)</span><span class="for-a11y">건</span></span><span class="box__score-buycnt"><span class="text text__buy">구매</span><span class="text text__num">180</span><span class="for-a11y">건</span></span></span><span class="box__itemcard-benefit-tag"><span class="box__tag box__tag-coupon"><span class="sprite__smilefresh--before box__inner">15% 쿠폰</span></span></span></a><button type="button" class="sprite__smilefresh--after button__favorite-item" aria-describedby="itemCard_title_2522484025" aria-pressed="false" aria-label="관심상품 등록하기"></button></div></div></div></div></li><li class="list-item"><div class="box__itemcard-container"><div class="box__itemcard-body"><div class="box__itemcard-inner"><a class="link__itemcard" href="https://item.gmarket.co.kr/Item?goodscode=3282465192" tabindex="-1" aria-hidden="true"><span class="box__itemcard-img"><img class="image__itemcard no-js-400?ver=1725136414" src="data:image/gif;base64,R0lGODlhAQABAIAAAP///wAAACH5BAEAAAAALAAAAAABAAEAAAICRAEAOw==" alt="오뚜기 찹쌀호떡믹스 400G - 상품 이미지"/><noscript><style>.no-js-400?ver=1725136414 { display: none !important; }</style><img class="image__itemcard" src="https://gdimg.gmarket.co.kr/3282465192/still/400?ver=1725136414" alt="오뚜기 찹쌀호떡믹스 400G - 상품 이미지"/></noscript></span></a><div class="box__itemcard-info"><div class="box__element-info"><div class="element-info-qty"><button aria-describedby="itemCard_title_3282465192" class="sprite__smilefresh--before element-info-qty-minus" aria-disabled="true"><span class="for-a11y">상품 수 <!-- -->1<!-- --> 감소</span></button><span class="element-info-item-qty" aria-describedby="itemCard_title_3282465192"><span class="for-a11y">선택된 수량</span> <!-- -->1</span><button aria-describedby="itemCard_title_3282465192" class="sprite__smilefresh--before element-info-qty-plus"><span class="for-a11y">상품 수 <!-- -->1<!-- --> 증가</span></button></div><button type="button" class="sprite__smilefresh--before element-info-cart" aria-describedby="itemCard_title_3282465192"><span class="for-a11y">장바구니 담기</span></button></div><a href="https://item.gmarket.co.kr/Item?goodscode=3282465192" class="link__itemcard-info"><span class="box__itemcard-title-area" id="itemCard_title_3282465192"><span class="text__title" id="item_title">오뚜기 찹쌀호떡믹스 400G</span></span><span class="box__itemcard-price-area"><span class="box__price-seller"><span class="for-a11y">판매가</span><strong class="text__price-seller">3,980</strong><span class="text__unit">원</span></span></span><span class="box__itemcard-info-score"><span class="sprite__smilefresh--before box__score-awards"><span class="for-a11y">평점</span><span class="text text__score">4.9</span><span class="for-a11y">후기</span><span class="text text__num">(157)</span><span class="for-a11y">건</span></span><span class="box__score-buycnt"><span class="text text__buy">구매</span><span class="text text__num">468</span><span class="for-a11y">건</span></span></span><span class="box__itemcard-benefit-tag"><span class="box__tag box__tag-coupon"><span class="sprite__smilefresh--before box__inner">15% 쿠폰</span></span></span></a><button type="button" class="sprite__smilefresh--after button__favorite-item" aria-describedby="itemCard_title_3282465192" aria-pressed="false" aria-label="관심상품 등록하기"></button></div></div></div></div></li><li class="list-item"><div class="box__itemcard-container"><div class="box__itemcard-body"><div class="box__itemcard-inner"><a class="link__itemcard" href="https://item.gmarket.co.kr/Item?goodscode=2522523958" tabindex="-1" aria-hidden="true"><span class="box__itemcard-img"><img class="image__itemcard no-js-400?ver=1725102489" src="data:image/gif;base64,R0lGODlhAQABAIAAAP///wAAACH5BAEAAAAALAAAAAABAAEAAAICRAEAOw==" alt="배대감 찹쌀가루 1kg - 상품 이미지"/><noscript><style>.no-js-400?ver=1725102489 { display: none !important; }</style><img class="image__itemcard" src="https://gdimg.gmarket.co.kr/2522523958/still/400?ver=1725102489" alt="배대감 찹쌀가루 1kg - 상품 이미지"/></noscript></span></a><div class="box__itemcard-info"><div class="box__element-info"><div class="element-info-qty"><button aria-describedby="itemCard_title_2522523958" class="sprite__smilefresh--before element-info-qty-minus" aria-disabled="true"><span class="for-a11y">상품 수 <!-- -->1<!-- --> 감소</span></button><span class="element-info-item-qty" aria-describedby="itemCard_title_2522523958"><span class="for-a11y">선택된 수량</span> <!-- -->1</span><button aria-describedby="itemCard_title_2522523958" class="sprite__smilefresh--before element-info-qty-plus"><span class="for-a11y">상품 수 <!-- -->1<!-- --> 증가</span></button></div><button type="button" class="sprite__smilefresh--before element-info-cart" aria-describedby="itemCard_title_2522523958"><span class="for-a11y">장바구니 담기</span></button></div><a href="https://item.gmarket.co.kr/Item?goodscode=2522523958" class="link__itemcard-info"><span class="box__itemcard-title-area" id="itemCard_title_2522523958"><span class="text__title" id="item_title">배대감 찹쌀가루 1kg</span></span><span class="box__itemcard-price-area"><span class="box__price-seller"><span class="for-a11y">판매가</span><strong class="text__price-seller">8,380</strong><span class="text__unit">원</span></span></span><span class="box__itemcard-info-score"><span class="sprite__smilefresh--before box__score-awards"><span class="for-a11y">평점</span><span class="text text__score">4.8</span><span class="for-a11y">후기</span><span class="text text__num">(146)</span><span class="for-a11y">건</span></span><span class="box__score-buycnt"><span class="text text__buy">구매</span><span class="text text__num">286</span><span class="for-a11y">건</span></span></span><span class="box__itemcard-benefit-tag"><span class="box__tag box__tag-coupon"><span class="sprite__smilefresh--before box__inner">15% 쿠폰</span></span></span></a><button type="button" class="sprite__smilefresh--after button__favorite-item" aria-describedby="itemCard_title_2522523958" aria-pressed="false" aria-label="관심상품 등록하기"></button></div></div></div></div></li><li class="list-item"><div class="box__itemcard-container"><div class="box__itemcard-body"><div class="box__itemcard-inner"><a class="link__itemcard" href="https://item.gmarket.co.kr/Item?goodscode=2518451040" tabindex="-1" aria-hidden="true"><span class="box__itemcard-img"><img class="image__itemcard no-js-400?ver=1725088086" src="data:image/gif;base64,R0lGODlhAQABAIAAAP///wAAACH5BAEAAAAALAAAAAABAAEAAAICRAEAOw==" alt="곰표 찰진 햇밀가루 중력 2.5kg - 상품 이미지"/><noscript><style>.no-js-400?ver=1725088086 { display: none !important; }</style><img class="image__itemcard" src="https://gdimg.gmarket.co.kr/2518451040/still/400?ver=1725088086" alt="곰표 찰진 햇밀가루 중력 2.5kg - 상품 이미지"/></noscript></span></a><div class="box__itemcard-info"><div class="box__element-info"><div class="element-info-qty"><button aria-describedby="itemCard_title_2518451040" class="sprite__smilefresh--before element-info-qty-minus" aria-disabled="true"><span class="for-a11y">상품 수 <!-- -->1<!-- --> 감소</span></button><span class="element-info-item-qty" aria-describedby="itemCard_title_2518451040"><span class="for-a11y">선택된 수량</span> <!-- -->1</span><button aria-describedby="itemCard_title_2518451040" class="sprite__smilefresh--before element-info-qty-plus"><span class="for-a11y">상품 수 <!-- -->1<!-- --> 증가</span></button></div><button type="button" class="sprite__smilefresh--before element-info-cart" aria-describedby="itemCard_title_2518451040"><span class="for-a11y">장바구니 담기</span></button></div><a href="https://item.gmarket.co.kr/Item?goodscode=2518451040" class="link__itemcard-info"><span class="box__itemcard-title-area" id="itemCard_title_2518451040"><span class="text__brand"><span class="text">곰표</span></span><span class="text__title" id="item_title">곰표 찰진 햇밀가루 중력 2.5kg</span></span><span class="box__itemcard-price-area"><span class="box__price-seller"><span class="for-a11y">판매가</span><strong class="text__price-seller">5,170</strong><span class="text__unit">원</span></span><span class="box__prime-cost"><span class="for-a11y">원가</span><span class="text__unit-cost">(<!-- -->100g당 207원<!-- -->)</span></span></span><span class="box__itemcard-info-score"><span class="sprite__smilefresh--before box__score-awards"><span class="for-a11y">평점</span><span class="text text__score">4.7</span><span class="for-a11y">후기</span><span class="text text__num">(56)</span><span class="for-a11y">건</span></span><span class="box__score-buycnt"><span class="text text__buy">구매</span><span class="text text__num">141</span><span class="for-a11y">건</span></span></span><span class="box__itemcard-benefit-tag"><span class="box__tag box__tag-coupon"><span class="sprite__smilefresh--before box__inner">15% 쿠폰</span></span></span></a><button type="button" class="sprite__smilefresh--after button__favorite-item" aria-describedby="itemCard_title_2518451040" aria-pressed="false" aria-label="관심상품 등록하기"></button></div></div></div></div></li><li class="list-item"><div class="box__itemcard-container"><div class="box__itemcard-body"><div class="box__itemcard-inner"><a class="link__itemcard" href="https://item.gmarket.co.kr/Item?goodscode=2518487117" tabindex="-1" aria-hidden="true"><span class="box__itemcard-img"><img class="image__itemcard no-js-400?ver=1725091471" src="data:image/gif;base64,R0lGODlhAQABAIAAAP///wAAACH5BAEAAAAALAAAAAABAAEAAAICRAEAOw==" alt="백설  치킨 튀김가루 1kg - 상품 이미지"/><noscript><style>.no-js-400?ver=1725091471 { display: none !important; }</style><img class="image__itemcard" src="https://gdimg.gmarket.co.kr/2518487117/still/400?ver=1725091471" alt="백설  치킨 튀김가루 1kg - 상품 이미지"/></noscript></span></a><div class="box__itemcard-info"><div class="box__element-info"><div class="element-info-qty"><button aria-describedby="itemCard_title_2518487117" class="sprite__smilefresh--before element-info-qty-minus" aria-disabled="true"><span class="for-a11y">상품 수 <!-- -->1<!-- --> 감소</span></button><span class="element-info-item-qty" aria-describedby="itemCard_title_2518487117"><span class="for-a11y">선택된 수량</span> <!-- -->1</span><button aria-describedby="itemCard_title_2518487117" class="sprite__smilefresh--before element-info-qty-plus"><span class="for-a11y">상품 수 <!-- -->1<!-- --> 증가</span></button></div><button type="button" class="sprite__smilefresh--before element-info-cart" aria-describedby="itemCard_title_2518487117"><span class="for-a11y">장바구니 담기</span></button></div><a href="https://item.gmarket.co.kr/Item?goodscode=2518487117" class="link__itemcard-info"><span class="box__itemcard-title-area" id="itemCard_title_2518487117"><span class="text__brand"><span class="text">백설</span></span><span class="text__title" id="item_title">백설  치킨 튀김가루 1kg</span></span><span class="box__itemcard-price-area"><span class="box__price-seller"><span class="for-a11y">판매가</span><strong class="text__price-seller">6,380</strong><span class="text__unit">원</span></span><span class="box__prime-cost"><span class="for-a11y">원가</span><span class="text__unit-cost">(<!-- -->100g당 638원<!-- -->)</span></span></span><span class="box__itemcard-info-score"><span class="sprite__smilefresh--before box__score-awards"><span class="for-a11y">평점</span><span class="text text__score">4.7</span><span class="for-a11y">후기</span><span class="text text__num">(81)</span><span class="for-a11y">건</span></span><span class="box__score-buycnt"><span class="text text__buy">구매</span><span class="text text__num">184</span><span class="for-a11y">건</span></span></span><span class="box__itemcard-benefit-tag"><span class="box__tag box__tag-coupon"><span class="sprite__smilefresh--before box__inner">15% 쿠폰</span></span></span></a><button type="button" class="sprite__smilefresh--after button__favorite-item" aria-describedby="itemCard_title_2518487117" aria-pressed="false" aria-label="관심상품 등록하기"></button></div></div></div></div></li><li class="list-item"><div class="box__itemcard-container"><div class="box__itemcard-body"><div class="box__itemcard-inner"><a class="link__itemcard" href="https://item.gmarket.co.kr/Item?goodscode=2518492673" tabindex="-1" aria-hidden="true"><span class="box__itemcard-img"><img class="image__itemcard no-js-400?ver=1725092707" src="data:image/gif;base64,R0lGODlhAQABAIAAAP///wAAACH5BAEAAAAALAAAAAABAAEAAAICRAEAOw==" alt="큐원 밀가루 강력분 1kg - 상품 이미지"/><noscript><style>.no-js-400?ver=1725092707 { display: none !important; }</style><img class="image__itemcard" src="https://gdimg.gmarket.co.kr/2518492673/still/400?ver=1725092707" alt="큐원 밀가루 강력분 1kg - 상품 이미지"/></noscript></span></a><div class="box__itemcard-info"><div class="box__element-info"><div class="element-info-qty"><button aria-describedby="itemCard_title_2518492673" class="sprite__smilefresh--before element-info-qty-minus" aria-disabled="true"><span class="for-a11y">상품 수 <!-- -->1<!-- --> 감소</span></button><span class="element-info-item-qty" aria-describedby="itemCard_title_2518492673"><span class="for-a11y">선택된 수량</span> <!-- -->1</span><button aria-describedby="itemCard_title_2518492673" class="sprite__smilefresh--before element-info-qty-plus"><span class="for-a11y">상품 수 <!-- -->1<!-- --> 증가</span></button></div><button type="button" class="sprite__smilefresh--before element-info-cart" aria-describedby="itemCard_title_2518492673"><span class="for-a11y">장바구니 담기</span></button></div><a href="https://item.gmarket.co.kr/Item?goodscode=2518492673" class="link__itemcard-info"><span class="box__itemcard-title-area" id="itemCard_title_2518492673"><span class="text__brand"><span class="text">큐원</span></span><span class="text__title" id="item_title">큐원 밀가루 강력분 1kg</span></span><span class="box__itemcard-price-area"><span class="box__price-seller"><span class="for-a11y">판매가</span><strong class="text__price-seller">2,350</strong><span class="text__unit">원</span></span><span class="box__prime-cost"><span class="for-a11y">원가</span><span class="text__unit-cost">(<!-- -->100g당 235원<!-- -->)</span></span></span><span class="box__itemcard-info-score"><span class="sprite__smilefresh--before box__score-awards"><span class="for-a11y">평점</span><span class="text text__score">4.5</span><span class="for-a11y">후기</span><span class="text text__num">(78)</span><span class="for-a11y">건</span></span><span class="box__score-buycnt"><span class="text text__buy">구매</span><span class="text text__num">289</span><span class="for-a11y">건</span></span></span><span class="box__itemcard-benefit-tag"><span class="box__tag box__tag-coupon"><span class="sprite__smilefresh--before box__inner">15% 쿠폰</span></span></span></a><button type="button" class="sprite__smilefresh--after button__favorite-item" aria-describedby="itemCard_title_2518492673" aria-pressed="false" aria-label="관심상품 등록하기"></button></div></div></div></div></li><li class="list-item"><div class="box__itemcard-container"><div class="box__itemcard-body"><div class="box__itemcard-inner"><a class="link__itemcard" href="https://item.gmarket.co.kr/Item?goodscode=2518493178" tabindex="-1" aria-hidden="true"><span class="box__itemcard-img"><img class="image__itemcard no-js-400?ver=1725092702" src="data:image/gif;base64,R0lGODlhAQABAIAAAP///wAAACH5BAEAAAAALAAAAAABAAEAAAICRAEAOw==" alt="큐원 박력 밀가루 1kg - 상품 이미지"/><noscript><style>.no-js-400?ver=1725092702 { display: none !important; }</style><img class="image__itemcard" src="https://gdimg.gmarket.co.kr/2518493178/still/400?ver=1725092702" alt="큐원 박력 밀가루 1kg - 상품 이미지"/></noscript></span></a><div class="box__itemcard-info"><div class="box__element-info"><div class="element-info-qty"><button aria-describedby="itemCard_title_2518493178" class="sprite__smilefresh--before element-info-qty-minus" aria-disabled="true"><span class="for-a11y">상품 수 <!-- -->1<!-- --> 감소</span></button><span class="element-info-item-qty" aria-describedby="itemCard_title_2518493178"><span class="for-a11y">선택된 수량</span> <!-- -->1</span><button aria-describedby="itemCard_title_2518493178" class="sprite__smilefresh--before element-info-qty-plus"><span class="for-a11y">상품 수 <!-- -->1<!-- --> 증가</span></button></div><button type="button" class="sprite__smilefresh--before element-info-cart" aria-describedby="itemCard_title_2518493178"><span class="for-a11y">장바구니 담기</span></button></div><a href="https://item.gmarket.co.kr/Item?goodscode=2518493178" class="link__itemcard-info"><span class="box__itemcard-title-area" id="itemCard_title_2518493178"><span class="text__brand"><span class="text">큐원</span></span><span class="text__title" id="item_title">큐원 박력 밀가루 1kg</span></span><span class="box__itemcard-price-area"><span class="box__price-seller"><span class="for-a11y">판매가</span><strong class="text__price-seller">2,350</strong><span class="text__unit">원</span></span><span class="box__prime-cost"><span class="for-a11y">원가</span><span class="text__unit-cost">(<!-- -->100g당 235원<!-- -->)</span></span></span><span class="box__itemcard-info-score"><span class="sprite__smilefresh--before box__score-awards"><span class="for-a11y">평점</span><span class="text text__score">4.5</span><span class="for-a11y">후기</span><span class="text text__num">(9)</span><span class="for-a11y">건</span></span><span class="box__score-buycnt"><span class="text text__buy">구매</span><span class="text text__num">45</span><span class="for-a11y">건</span></span></span><span class="box__itemcard-benefit-tag"><span class="box__tag box__tag-coupon"><span class="sprite__smilefresh--before box__inner">15% 쿠폰</span></span></span></a><button type="button" class="sprite__smilefresh--after button__favorite-item" aria-describedby="itemCard_title_2518493178" aria-pressed="false" aria-label="관심상품 등록하기"></button></div></div></div></div></li><li class="list-item"><div class="box__itemcard-container"><div class="box__itemcard-body"><div class="box__itemcard-inner"><a class="link__itemcard" href="https://item.gmarket.co.kr/Item?goodscode=2518494209" tabindex="-1" aria-hidden="true"><span class="box__itemcard-img"><img class="image__itemcard no-js-400?ver=1707137477" src="data:image/gif;base64,R0lGODlhAQABAIAAAP///wAAACH5BAEAAAAALAAAAAABAAEAAAICRAEAOw==" alt="곰표 중력 밀가루 1kg - 상품 이미지"/><noscript><style>.no-js-400?ver=1707137477 { display: none !important; }</style><img class="image__itemcard" src="https://gdimg.gmarket.co.kr/2518494209/still/400?ver=1707137477" alt="곰표 중력 밀가루 1kg - 상품 이미지"/></noscript></span></a><div class="box__itemcard-info"><div class="box__element-info"><div class="element-info-qty"><button aria-describedby="itemCard_title_2518494209" class="sprite__smilefresh--before element-info-qty-minus" aria-disabled="true"><span class="for-a11y">상품 수 <!-- -->1<!-- --> 감소</span></button><span class="element-info-item-qty" aria-describedby="itemCard_title_2518494209"><span class="for-a11y">선택된 수량</span> <!-- -->1</span><button aria-describedby="itemCard_title_2518494209" class="sprite__smilefresh--before element-info-qty-plus"><span class="for-a11y">상품 수 <!-- -->1<!-- --> 증가</span></button></div><button type="button" class="sprite__smilefresh--before element-info-cart" aria-describedby="itemCard_title_2518494209"><span class="for-a11y">장바구니 담기</span></button></div><a href="https://item.gmarket.co.kr/Item?goodscode=2518494209" class="link__itemcard-info"><span class="box__itemcard-title-area" id="itemCard_title_2518494209"><span class="text__brand"><span class="text">곰표</span></span><span class="text__title" id="item_title">곰표 중력 밀가루 1kg</span></span><span class="box__itemcard-price-area"><span class="box__price-seller"><span class="for-a11y">판매가</span><strong class="text__price-seller">1,790</strong><span class="text__unit">원</span></span><span class="box__prime-cost"><span class="for-a11y">원가</span><span class="text__unit-cost">(<!-- -->100g당 179원<!-- -->)</span></span></span><span class="box__itemcard-info-score"><span class="sprite__smilefresh--before box__score-awards"><span class="for-a11y">평점</span><span class="text text__score">4.8</span><span class="for-a11y">후기</span><span class="text text__num">(2,289)</span><span class="for-a11y">건</span></span><span class="box__score-buycnt"><span class="text text__buy">구매</span><span class="text text__num">8,171</span><span class="for-a11y">건</span></span></span><span class="box__itemcard-benefit-tag"><span class="box__tag box__tag-coupon"><span class="sprite__smilefresh--before box__inner">15% 쿠폰</span></span></span></a><button type="button" class="sprite__smilefresh--after button__favorite-item" aria-describedby="itemCard_title_2518494209" aria-pressed="false" aria-label="관심상품 등록하기"></button></div></div></div></div></li><li class="list-item"><div class="box__itemcard-container"><div class="box__itemcard-body"><div class="box__itemcard-inner"><a class="link__itemcard" href="https://item.gmarket.co.kr/Item?goodscode=2518494263" tabindex="-1" aria-hidden="true"><span class="box__itemcard-img"><img class="image__itemcard no-js-400?ver=1707137480" src="data:image/gif;base64,R0lGODlhAQABAIAAAP///wAAACH5BAEAAAAALAAAAAABAAEAAAICRAEAOw==" alt="곰표 중력 밀가루 2.5kg - 상품 이미지"/><noscript><style>.no-js-400?ver=1707137480 { display: none !important; }</style><img class="image__itemcard" src="https://gdimg.gmarket.co.kr/2518494263/still/400?ver=1707137480" alt="곰표 중력 밀가루 2.5kg - 상품 이미지"/></noscript></span></a><div class="box__itemcard-info"><div class="box__element-info"><div class="element-info-qty"><button aria-describedby="itemCard_title_2518494263" class="sprite__smilefresh--before element-info-qty-minus" aria-disabled="true"><span class="for-a11y">상품 수 <!-- -->1<!-- --> 감소</span></button><span class="element-info-item-qty" aria-describedby="itemCard_title_2518494263"><span class="for-a11y">선택된 수량</span> <!-- -->1</span><button aria-describedby="itemCard_title_2518494263" class="sprite__smilefresh--before element-info-qty-plus"><span class="for-a11y">상품 수 <!-- -->1<!-- --> 증가</span></button></div><button type="button" class="sprite__smilefresh--before element-info-cart" aria-describedby="itemCard_title_2518494263"><span class="for-a11y">장바구니 담기</span></button></div><a href="https://item.gmarket.co.kr/Item?goodscode=2518494263" class="link__itemcard-info"><span class="box__itemcard-title-area" id="itemCard_title_2518494263"><span class="text__brand"><span class="text">곰표</span></span><span class="text__title" id="item_title">곰표 중력 밀가루 2.5kg</span></span><span class="box__itemcard-price-area"><span class="box__price-seller"><span class="for-a11y">판매가</span><strong class="text__price-seller">4,290</strong><span class="text__unit">원</span></span><span class="box__prime-cost"><span class="for-a11y">원가</span><span class="text__unit-cost">(<!-- -->100g당 172원<!-- -->)</span></span></span><span class="box__itemcard-info-score"><span class="sprite__smilefresh--before box__score-awards"><span class="for-a11y">평점</span><span class="text text__score">4.8</span><span class="for-a11y">후기</span><span class="text text__num">(390)</span><span class="for-a11y">건</span></span><span class="box__score-buycnt"><span class="text text__buy">구매</span><span class="text text__num">1,127</span><span class="for-a11y">건</span></span></span><span class="box__itemcard-benefit-tag"><span class="box__tag box__tag-coupon"><span class="sprite__smilefresh--before box__inner">15% 쿠폰</span></span></span></a><button type="button" class="sprite__smilefresh--after button__favorite-item" aria-describedby="itemCard_title_2518494263" aria-pressed="false" aria-label="관심상품 등록하기"></button></div></div></div></div></li><li class="list-item"><div class="box__itemcard-container"><div class="box__itemcard-body"><div class="box__itemcard-inner"><a class="link__itemcard" href="https://item.gmarket.co.kr/Item?goodscode=2518498836" tabindex="-1" aria-hidden="true"><span class="box__itemcard-img"><img class="image__itemcard no-js-400?ver=1719885980" src="data:image/gif;base64,R0lGODlhAQABAIAAAP///wAAACH5BAEAAAAALAAAAAABAAEAAAICRAEAOw==" alt="오뚜기 부침가루 1kg - 상품 이미지"/><noscript><style>.no-js-400?ver=1719885980 { display: none !important; }</style><img class="image__itemcard" src="https://gdimg.gmarket.co.kr/2518498836/still/400?ver=1719885980" alt="오뚜기 부침가루 1kg - 상품 이미지"/></noscript></span></a><div class="box__itemcard-info"><div class="box__element-info"><div class="element-info-qty"><button aria-describedby="itemCard_title_2518498836" class="sprite__smilefresh--before element-info-qty-minus" aria-disabled="true"><span class="for-a11y">상품 수 <!-- -->1<!-- --> 감소</span></button><span class="element-info-item-qty" aria-describedby="itemCard_title_2518498836"><span class="for-a11y">선택된 수량</span> <!-- -->1</span><button aria-describedby="itemCard_title_2518498836" class="sprite__smilefresh--before element-info-qty-plus"><span class="for-a11y">상품 수 <!-- -->1<!-- --> 증가</span></button></div><button type="button" class="sprite__smilefresh--before element-info-cart" aria-describedby="itemCard_title_2518498836"><span class="for-a11y">장바구니 담기</span></button></div><a href="https://item.gmarket.co.kr/Item?goodscode=2518498836" class="link__itemcard-info"><span class="box__itemcard-title-area" id="itemCard_title_2518498836"><span class="text__brand"><span class="text">오뚜기</span></span><span class="text__title" id="item_title">오뚜기 부침가루 1kg</span></span><span class="box__itemcard-price-area"><span class="box__price-seller"><span class="for-a11y">판매가</span><strong class="text__price-seller">3,400</strong><span class="text__unit">원</span></span><span class="box__prime-cost"><span class="for-a11y">원가</span><span class="text__unit-cost">(<!-- -->100g당 340원<!-- -->)</span></span></span><span class="box__itemcard-info-score"><span class="sprite__smilefresh--before box__score-awards"><span class="for-a11y">평점</span><span class="text text__score">4.8</span><span class="for-a11y">후기</span><span class="text text__num">(2,556)</span><span class="for-a11y">건</span></span><span class="box__score-buycnt"><span class="text text__buy">구매</span><span class="text text__num">7,581</span><span class="for-a11y">건</span></span></span><span class="box__itemcard-benefit-tag"><span class="box__tag box__tag-coupon"><span class="sprite__smilefresh--before box__inner">15% 쿠폰</span></span></span></a><button type="button" class="sprite__smilefresh--after button__favorite-item" aria-describedby="itemCard_title_2518498836" aria-pressed="false" aria-label="관심상품 등록하기"></button></div></div></div></div></li><li class="list-item"><div class="box__itemcard-container"><div class="box__itemcard-body"><div class="box__itemcard-inner"><a class="link__itemcard" href="https://item.gmarket.co.kr/Item?goodscode=2518500222" tabindex="-1" aria-hidden="true"><span class="box__itemcard-img"><img class="image__itemcard no-js-400?ver=1714121069" src="data:image/gif;base64,R0lGODlhAQABAIAAAP///wAAACH5BAEAAAAALAAAAAABAAEAAAICRAEAOw==" alt="오뚜기 튀김가루 1kg - 상품 이미지"/><noscript><style>.no-js-400?ver=1714121069 { display: none !important; }</style><img class="image__itemcard" src="https://gdimg.gmarket.co.kr/2518500222/still/400?ver=1714121069" alt="오뚜기 튀김가루 1kg - 상품 이미지"/></noscript></span></a><div class="box__itemcard-info"><div class="box__element-info"><div class="element-info-qty"><button aria-describedby="itemCard_title_2518500222" class="sprite__smilefresh--before element-info-qty-minus" aria-disabled="true"><span class="for-a11y">상품 수 <!-- -->1<!-- --> 감소</span></button><span class="element-info-item-qty" aria-describedby="itemCard_title_2518500222"><span class="for-a11y">선택된 수량</span> <!-- -->1</span><button aria-describedby="itemCard_title_2518500222" class="sprite__smilefresh--before element-info-qty-plus"><span class="for-a11y">상품 수 <!-- -->1<!-- --> 증가</span></button></div><button type="button" class="sprite__smilefresh--before element-info-cart" aria-describedby="itemCard_title_2518500222"><span class="for-a11y">장바구니 담기</span></button></div><a href="https://item.gmarket.co.kr/Item?goodscode=2518500222" class="link__itemcard-info"><span class="box__itemcard-title-area" id="itemCard_title_2518500222"><span class="text__brand"><span class="text">오뚜기</span></span><span class="text__title" id="item_title">오뚜기 튀김가루 1kg</span></span><span class="box__itemcard-price-area"><span class="box__price-seller"><span class="for-a11y">판매가</span><strong class="text__price-seller">3,400</strong><span class="text__unit">원</span></span><span class="box__prime-cost"><span class="for-a11y">원가</span><span class="text__unit-cost">(<!-- -->100g당 340원<!-- -->)</span></span></span><span class="box__itemcard-info-score"><span class="sprite__smilefresh--before box__score-awards"><span class="for-a11y">평점</span><span class="text text__score">4.8</span><span class="for-a11y">후기</span><span class="text text__num">(1,527)</span><span class="for-a11y">건</span></span><span class="box__score-buycnt"><span class="text text__buy">구매</span><span class="text text__num">4,252</span><span class="for-a11y">건</span></span></span><span class="box__itemcard-benefit-tag"><span class="box__tag box__tag-coupon"><span class="sprite__smilefresh--before box__inner">15% 쿠폰</span></span></span></a><button type="button" class="sprite__smilefresh--after button__favorite-item" aria-describedby="itemCard_title_2518500222" aria-pressed="false" aria-label="관심상품 등록하기"></button></div></div></div></div></li><li class="list-item"><div class="box__itemcard-container"><div class="box__itemcard-body"><div class="box__itemcard-inner"><a class="link__itemcard" href="https://item.gmarket.co.kr/Item?goodscode=2518654814" tabindex="-1" aria-hidden="true"><span class="box__itemcard-img"><img class="image__itemcard no-js-400?ver=1725091683" src="data:image/gif;base64,R0lGODlhAQABAIAAAP///wAAACH5BAEAAAAALAAAAAABAAEAAAICRAEAOw==" alt="봉평촌 메밀부침가루2호 800g - 상품 이미지"/><noscript><style>.no-js-400?ver=1725091683 { display: none !important; }</style><img class="image__itemcard" src="https://gdimg.gmarket.co.kr/2518654814/still/400?ver=1725091683" alt="봉평촌 메밀부침가루2호 800g - 상품 이미지"/></noscript></span></a><div class="box__itemcard-info"><div class="box__element-info"><div class="element-info-qty"><button aria-describedby="itemCard_title_2518654814" class="sprite__smilefresh--before element-info-qty-minus" aria-disabled="true"><span class="for-a11y">상품 수 <!-- -->1<!-- --> 감소</span></button><span class="element-info-item-qty" aria-describedby="itemCard_title_2518654814"><span class="for-a11y">선택된 수량</span> <!-- -->1</span><button aria-describedby="itemCard_title_2518654814" class="sprite__smilefresh--before element-info-qty-plus"><span class="for-a11y">상품 수 <!-- -->1<!-- --> 증가</span></button></div><button type="button" class="sprite__smilefresh--before element-info-cart" aria-describedby="itemCard_title_2518654814"><span class="for-a11y">장바구니 담기</span></button></div><a href="https://item.gmarket.co.kr/Item?goodscode=2518654814" class="link__itemcard-info"><span class="box__itemcard-title-area" id="itemCard_title_2518654814"><span class="text__brand"><span class="text">봉평촌</span></span><span class="text__title" id="item_title">봉평촌 메밀부침가루2호 800g</span></span><span class="box__itemcard-price-area"><span class="box__price-seller"><span class="for-a11y">판매가</span><strong class="text__price-seller">6,980</strong><span class="text__unit">원</span></span><span class="box__prime-cost"><span class="for-a11y">원가</span><span class="text__unit-cost">(<!-- -->100g당 873원<!-- -->)</span></span></span><span class="box__itemcard-info-score"><span class="sprite__smilefresh--before box__score-awards"><span class="for-a11y">평점</span><span class="text text__score">4.8</span><span class="for-a11y">후기</span><span class="text text__num">(112)</span><span class="for-a11y">건</span></span><span class="box__score-buycnt"><span class="text text__buy">구매</span><span class="text text__num">228</span><span class="for-a11y">건</span></span></span><span class="box__itemcard-benefit-tag"><span class="box__tag box__tag-coupon"><span class="sprite__smilefresh--before box__inner">15% 쿠폰</span></span></span></a><button type="button" class="sprite__smilefresh--after button__favorite-item" aria-describedby="itemCard_title_2518654814" aria-pressed="false" aria-label="관심상품 등록하기"></button></div></div></div></div></li><li class="list-item"><div class="box__itemcard-container"><div class="box__itemcard-body"><div class="box__itemcard-inner"><a class="link__itemcard" href="https://item.gmarket.co.kr/Item?goodscode=2518806249" tabindex="-1" aria-hidden="true"><span class="box__itemcard-img"><img class="image__itemcard no-js-400?ver=1725111925" src="data:image/gif;base64,R0lGODlhAQABAIAAAP///wAAACH5BAEAAAAALAAAAAABAAEAAAICRAEAOw==" alt="쌀가루 1Kg - 상품 이미지"/><noscript><style>.no-js-400?ver=1725111925 { display: none !important; }</style><img class="image__itemcard" src="https://gdimg.gmarket.co.kr/2518806249/still/400?ver=1725111925" alt="쌀가루 1Kg - 상품 이미지"/></noscript></span></a><div class="box__itemcard-info"><div class="box__element-info"><div class="element-info-qty"><button aria-describedby="itemCard_title_2518806249" class="sprite__smilefresh--before element-info-qty-minus" aria-disabled="true"><span class="for-a11y">상품 수 <!-- -->1<!-- --> 감소</span></button><span class="element-info-item-qty" aria-describedby="itemCard_title_2518806249"><span class="for-a11y">선택된 수량</span> <!-- -->1</span><button aria-describedby="itemCard_title_2518806249" class="sprite__smilefresh--before element-info-qty-plus"><span class="for-a11y">상품 수 <!-- -->1<!-- --> 증가</span></button></div><button type="button" class="sprite__smilefresh--before element-info-cart" aria-describedby="itemCard_title_2518806249"><span class="for-a11y">장바구니 담기</span></button></div><a href="https://item.gmarket.co.kr/Item?goodscode=2518806249" class="link__itemcard-info"><span class="box__itemcard-title-area" id="itemCard_title_2518806249"><span class="text__title" id="item_title">쌀가루 1Kg</span></span><span class="box__itemcard-price-area"><span class="box__price-seller"><span class="for-a11y">판매가</span><strong class="text__price-seller">5,780</strong><span class="text__unit">원</span></span></span><span class="box__itemcard-info-score"><span class="sprite__smilefresh--before box__score-awards"><span class="for-a11y">평점</span><span class="text text__score">4.7</span><span class="for-a11y">후기</span><span class="text text__num">(102)</span><span class="for-a11y">건</span></span><span class="box__score-buycnt"><span class="text text__buy">구매</span><span class="text text__num">228</span><span class="for-a11y">건</span></span></span><span class="box__itemcard-benefit-tag"><span class="box__tag box__tag-coupon"><span class="sprite__smilefresh--before box__inner">15% 쿠폰</span></span></span></a><button type="button" class="sprite__smilefresh--after button__favorite-item" aria-describedby="itemCard_title_2518806249" aria-pressed="false" aria-label="관심상품 등록하기"></button></div></div></div></div></li><li class="list-item"><div class="box__itemcard-container"><div class="box__itemcard-body"><div class="box__itemcard-inner"><a class="link__itemcard" href="https://item.gmarket.co.kr/Item?goodscode=2519017404" tabindex="-1" aria-hidden="true"><span class="box__itemcard-img"><img class="image__itemcard no-js-400?ver=1725121470" src="data:image/gif;base64,R0lGODlhAQABAIAAAP///wAAACH5BAEAAAAALAAAAAABAAEAAAICRAEAOw==" alt="투썸 밀크티 파우더 320g - 상품 이미지"/><noscript><style>.no-js-400?ver=1725121470 { display: none !important; }</style><img class="image__itemcard" src="https://gdimg.gmarket.co.kr/2519017404/still/400?ver=1725121470" alt="투썸 밀크티 파우더 320g - 상품 이미지"/></noscript></span></a><div class="box__itemcard-info"><div class="box__element-info"><div class="element-info-qty"><button aria-describedby="itemCard_title_2519017404" class="sprite__smilefresh--before element-info-qty-minus" aria-disabled="true"><span class="for-a11y">상품 수 <!-- -->1<!-- --> 감소</span></button><span class="element-info-item-qty" aria-describedby="itemCard_title_2519017404"><span class="for-a11y">선택된 수량</span> <!-- -->1</span><button aria-describedby="itemCard_title_2519017404" class="sprite__smilefresh--before element-info-qty-plus"><span class="for-a11y">상품 수 <!-- -->1<!-- --> 증가</span></button></div><button type="button" class="sprite__smilefresh--before element-info-cart" aria-describedby="itemCard_title_2519017404"><span class="for-a11y">장바구니 담기</span></button></div><a href="https://item.gmarket.co.kr/Item?goodscode=2519017404" class="link__itemcard-info"><span class="box__itemcard-title-area" id="itemCard_title_2519017404"><span class="text__title" id="item_title">투썸 밀크티 파우더 320g</span></span><span class="box__itemcard-price-area"><span class="box__price-seller"><span class="for-a11y">판매가</span><strong class="text__price-seller">12,800</strong><span class="text__unit">원</span></span></span><span class="box__itemcard-info-score"><span class="sprite__smilefresh--before box__score-awards"><span class="for-a11y">평점</span><span class="text text__score">4.7</span><span class="for-a11y">후기</span><span class="text text__num">(10)</span><span class="for-a11y">건</span></span><span class="box__score-buycnt"><span class="text text__buy">구매</span><span class="text text__num">56</span><span class="for-a11y">건</span></span></span><span class="box__itemcard-benefit-tag"><span class="box__tag box__tag-coupon"><span class="sprite__smilefresh--before box__inner">15% 쿠폰</span></span></span></a><button type="button" class="sprite__smilefresh--after button__favorite-item" aria-describedby="itemCard_title_2519017404" aria-pressed="false" aria-label="관심상품 등록하기"></button></div></div></div></div></li></ul></div></div><div class="box__pagination" role="region" aria-label="페이지 이동"><button type="button" class="sprite__smilefresh--before button__previous button__page" disabled=""><span class="icon__arrow"></span><span class="for-a11y">이전 페이지로 이동합니다.</span></button><button class="link__page_number active" aria-current="page">1</button><button type="button" class="link__page_number">2</button><button type="button" class="sprite__smilefresh--before button__next button__page"><span class="icon__arrow"></span><span class="for-a11y">다음 페이지로 이동합니다.</span></button></div></div></div></div></div></div><div style="min-height:455px"></div><script src="https://script.gmarket.co.kr/mobile/js/common/kr/util/viewability.js"></script><script src="https://script.gmarket.co.kr/js/common/ats_gmkt.js"></script><script src="https://script.gmarket.co.kr/fnp/desktop-layout.js"></script></div><script id="__NEXT_DATA__" type="application/json">{"props":{"pageProps":{"serverData":{"user":{"isSmileClub":false,"hashedCguid":"MuRNNYHW7OuOgugtwPK0Jz7HajIwK5FDq7zFzNnlMPY="},"itemPage":{"error":false,"searchFilter":{"sortOrderby":0,"userAddressInfo":{"address":"로그인을 진행해 주세요","addressExposeType":"LoginRequired","nonDeliveryArea":false},"smileFreshDeliveryGuide":{"deliveryStoreType":"NoneDelivery"},"categories":{"selectedCondition":{"name":"c","value":"200000104","label":"밀가루/분말류","nodeType":"depth1","depth":1},"selectedConditionType":"depth1","currentConditions":{"rootNode":[],"node":[{"name":"c","value":"200000098","label":"장류/양념","nodeType":"depth1","depth":1},{"name":"c","value":"200000099","label":"파스타소스/페스토","nodeType":"depth1","depth":1},{"name":"c","value":"200000100","label":"케찹/마요네즈/소스","nodeType":"depth1","depth":1},{"name":"c","value":"200000101","label":"돈까스/스테이크소스","nodeType":"depth1","depth":1},{"name":"c","value":"200000103","label":"샐러드 드레싱","nodeType":"depth1","depth":1},{"name":"c","value":"200000104","label":"밀가루/분말류","nodeType":"depth1","depth":1},{"name":"c","value":"200000105","label":"소금/설탕/후추/향신료","nodeType":"depth1","depth":1},{"name":"c","value":"200000106","label":"조미료/액젓/물엿/식초","nodeType":"depth1","depth":1},{"name":"c","value":"200000107","label":"식용유/참기름/오일류","nodeType":"depth1","depth":1},{"name":"c","value":"200000108","label":"조미료/오일 선물세트","nodeType":"depth1","depth":1},{"name":"c","value":"200000109","label":"시럽/제빵믹스/재료","nodeType":"depth1","depth":1}]},"backButtonConditions":[{"name":"c","value":"100001016","label":"장류/양념/가루/오일","nodeType":"root","depth":0}]},"sdBrands":[{"name":"b","value":24284,"label":"백설"},{"name":"b","value":20142,"label":"곰표"},{"name":"b","value":27774,"label":"오뚜기"},{"name":"b","value":31170,"label":"노브랜드"},{"name":"b","value":81603,"label":"배대감"},{"name":"b","value":50096,"label":"봉평촌"},{"name":"b","value":88866,"label":"자연주의"},{"name":"b","value":20749,"label":"큐원"},{"name":"b","value":72534,"label":"바이오믹스"},{"name":"b","value":128012,"label":"아뺑드"},{"name":"b","value":30625,"label":"청오"},{"name":"b","value":24975,"label":"브레드가든"}],"sortOptions":["Popularity","PriceAsc","PriceDesc","NewItemDesc","ReviewCountDesc","HomeShoppingRank"],"promotionGroups":[],"discountBenefits":[],"isBigSmileFilterAvailable":false,"isFilterDisabled":false,"paymentBenefits":[],"filterPreset":{"keywordInfo":{"name":"keyword","label":"결과 내 재검색","prefixKey":"k","isShow":true,"hasData":true},"categoryInfo":{"name":"category","label":"카테고리","prefixKey":"c","isShow":true,"hasData":true},"brandInfo":{"name":"brand","label":"브랜드","prefixKey":"b","isShow":true,"hasData":true},"priceInfo":{"name":"price","label":"가격대","prefixKey":"p","isShow":true,"hasData":true},"paymentBenefitInfo":{"name":"paymentBenefit","label":"결제ㆍ혜택","prefixKey":"pb","isShow":true,"hasData":false}},"isItemResultEmpty":false},"searchContent":{"sortOrderby":0,"pageNo":1,"pageSize":60,"totalResultCount":77,"banners":[],"bannerCount":0,"itemCount":60,"items":[{"itemNo":"3951321519","itemName":"오뚜기 부침가루 1kg","itemUrl":"https://item.gmarket.co.kr/Item?goodscode=3951321519","imageUrl":"//gdimg.gmarket.co.kr/3951321519/still/400?ver=1725092694","sdBrandName":"오뚜기","itemPrice":2980,"buyCount":382,"reviewPoint":{"starPoint":4.75,"reviewCount":112},"isBigSmileItem":false,"isSoldOut":false,"couponDiscount":{"discountType":"R","discountPrice":"0","discountRate":"15"},"cardDiscount":{"discountRate":0},"sellerInfo":{"sellCustNo":"155104283","sellLoginId":"emartmall2","nickname":"이마트몰쓱배송","isLmoOfficialSeller":false,"isFashionSquareSeller":false,"isBrandOfficialSeller":false},"hasOption":false,"isAdult":false,"isCartVisible":true,"discountRate":0,"sellPrice":2980,"tagLabels":[],"buyUnitCount":1,"deliveryCode":"M","unitPrice":{"unit":100,"unitName":"g","price":298},"rank":1,"lcode":"100000036","mcode":"200002367","scode":"300024615"},{"itemNo":"2518900786","itemName":"노브랜드 중력밀가루 1kg","itemUrl":"https://item.gmarket.co.kr/Item?goodscode=2518900786","imageUrl":"//gdimg.gmarket.co.kr/2518900786/still/400?ver=1725114267","sdBrandName":"노브랜드","itemPrice":1380,"buyCount":6910,"reviewPoint":{"starPoint":4.74,"reviewCount":2653},"isBigSmileItem":false,"isSoldOut":false,"cardDiscount":{"discountRate":0},"sellerInfo":{"sellCustNo":"155104283","sellLoginId":"emartmall2","nickname":"이마트몰쓱배송","isLmoOfficialSeller":false,"isFashionSquareSeller":false,"isBrandOfficialSeller":false},"hasOption":false,"isAdult":false,"isCartVisible":true,"discountRate":0,"sellPrice":1380,"tagLabels":[],"buyUnitCount":1,"deliveryCode":"M","unitPrice":{"unit":100,"unitName":"g","price":138},"rank":2,"lcode":"100000036","mcode":"200002367","scode":"300028698"},{"itemNo":"3951322870","itemName":"오뚜기 튀김가루 1kg","itemUrl":"https://item.gmarket.co.kr/Item?goodscode=3951322870","imageUrl":"//gdimg.gmarket.co.kr/3951322870/still/400?ver=1725092617","sdBrandName":"오뚜기","itemPrice":2980,"buyCount":315,"reviewPoint":{"starPoint":4.63,"reviewCount":83},"isBigSmileItem":false,"isSoldOut":false,"couponDiscount":{"discountType":"R","discountPrice":"0","discountRate":"15"},"cardDiscount":{"discountRate":0},"sellerInfo":{"sellCustNo":"155104283","sellLoginId":"emartmall2","nickname":"이마트몰쓱배송","isLmoOfficialSeller":false,"isFashionSquareSeller":false,"isBrandOfficialSeller":false},"hasOption":false,"isAdult":false,"isCartVisible":true,"discountRate":0,"sellPrice":2980,"tagLabels":[],"buyUnitCount":1,"deliveryCode":"M","unitPrice":{"unit":100,"unitName":"g","price":298},"rank":3,"lcode":"100000036","mcode":"200002367","scode":"300024615"},{"itemNo":"2523610486","itemName":"노브랜드 감자맛전분99.9 350g","itemUrl":"https://item.gmarket.co.kr/Item?goodscode=2523610486","imageUrl":"//gdimg.gmarket.co.kr/2523610486/still/400?ver=1725102555","itemPrice":2580,"buyCount":6203,"reviewPoint":{"starPoint":4.72,"reviewCount":2485},"isBigSmileItem":false,"isSoldOut":false,"cardDiscount":{"discountRate":0},"sellerInfo":{"sellCustNo":"155104283","sellLoginId":"emartmall2","nickname":"이마트몰쓱배송","isLmoOfficialSeller":false,"isFashionSquareSeller":false,"isBrandOfficialSeller":false},"hasOption":false,"isAdult":false,"isCartVisible":true,"discountRate":0,"sellPrice":2580,"tagLabels":[],"buyUnitCount":1,"deliveryCode":"M","rank":4,"lcode":"100000036","mcode":"200002367","scode":"300028698"},{"itemNo":"2559636870","itemName":"백설 중력 밀가루(다목적용) 1kg","itemUrl":"https://item.gmarket.co.kr/Item?goodscode=2559636870","imageUrl":"//gdimg.gmarket.co.kr/2559636870/still/400?ver=1725088118","sdBrandName":"백설","itemPrice":1710,"buyCount":1197,"reviewPoint":{"starPoint":4.66,"reviewCount":381},"isBigSmileItem":false,"isSoldOut":false,"couponDiscount":{"discountType":"R","discountPrice":"0","discountRate":"15"},"cardDiscount":{"discountRate":0},"sellerInfo":{"sellCustNo":"155104283","sellLoginId":"emartmall2","nickname":"이마트몰쓱배송","isLmoOfficialSeller":false,"isFashionSquareSeller":false,"isBrandOfficialSeller":false},"hasOption":false,"isAdult":false,"isCartVisible":true,"discountRate":0,"sellPrice":1710,"tagLabels":[{"code":68,"text":"전단상품","bgColor":"#19C919"}],"buyUnitCount":1,"deliveryCode":"M","unitPrice":{"unit":100,"unitName":"g","price":171},"rank":5,"lcode":"100000036","mcode":"200002367","scode":"300024614"},{"itemNo":"2554386642","itemName":"노브랜드 껍질벗긴 들깨가루 300g","itemUrl":"https://item.gmarket.co.kr/Item?goodscode=2554386642","imageUrl":"//gdimg.gmarket.co.kr/2554386642/still/400?ver=1725124035","itemPrice":7880,"buyCount":1626,"reviewPoint":{"starPoint":4.73,"reviewCount":765},"isBigSmileItem":false,"isSoldOut":false,"cardDiscount":{"discountRate":0},"sellerInfo":{"sellCustNo":"155104283","sellLoginId":"emartmall2","nickname":"이마트몰쓱배송","isLmoOfficialSeller":false,"isFashionSquareSeller":false,"isBrandOfficialSeller":false},"hasOption":false,"isAdult":false,"isCartVisible":true,"discountRate":0,"sellPrice":7880,"tagLabels":[],"buyUnitCount":1,"deliveryCode":"M","rank":6,"lcode":"100000036","mcode":"200002367","scode":"300028698"},{"itemNo":"2518478827","itemName":"백설  통감자를 갈아넣은 바삭 부침가루 1kg","itemUrl":"https://item.gmarket.co.kr/Item?goodscode=2518478827","imageUrl":"//gdimg.gmarket.co.kr/2518478827/still/400?ver=1725092513","sdBrandName":"백설","itemPrice":3280,"buyCount":2618,"reviewPoint":{"starPoint":4.75,"reviewCount":1011},"isBigSmileItem":false,"isSoldOut":false,"couponDiscount":{"discountType":"R","discountPrice":"0","discountRate":"15"},"cardDiscount":{"discountRate":0},"sellerInfo":{"sellCustNo":"155104283","sellLoginId":"emartmall2","nickname":"이마트몰쓱배송","isLmoOfficialSeller":false,"isFashionSquareSeller":false,"isBrandOfficialSeller":false},"hasOption":false,"isAdult":false,"isCartVisible":true,"discountRate":0,"sellPrice":3280,"tagLabels":[],"buyUnitCount":1,"deliveryCode":"M","unitPrice":{"unit":100,"unitName":"g","price":328},"rank":7,"lcode":"100000036","mcode":"200002367","scode":"300024615"},{"itemNo":"2518496734","itemName":"오뚜기 빵가루 500g","itemUrl":"https://item.gmarket.co.kr/Item?goodscode=2518496734","imageUrl":"//gdimg.gmarket.co.kr/2518496734/still/400?ver=1725092613","sdBrandName":"오뚜기","itemPrice":3680,"buyCount":2036,"reviewPoint":{"starPoint":4.78,"reviewCount":825},"isBigSmileItem":false,"isSoldOut":false,"couponDiscount":{"discountType":"R","discountPrice":"0","discountRate":"15"},"cardDiscount":{"discountRate":0},"sellerInfo":{"sellCustNo":"155104283","sellLoginId":"emartmall2","nickname":"이마트몰쓱배송","isLmoOfficialSeller":false,"isFashionSquareSeller":false,"isBrandOfficialSeller":false},"hasOption":false,"isAdult":false,"isCartVisible":true,"discountRate":0,"sellPrice":3680,"tagLabels":[],"buyUnitCount":1,"deliveryCode":"M","unitPrice":{"unit":100,"unitName":"g","price":736},"rank":8,"lcode":"100000036","mcode":"200002367","scode":"300024616"},{"itemNo":"2518798833","itemName":"CJ 백설 5가지재료 부침가루1kg","itemUrl":"https://item.gmarket.co.kr/Item?goodscode=2518798833","imageUrl":"//gdimg.gmarket.co.kr/2518798833/still/400?ver=1725091472","sdBrandName":"백설","itemPrice":3180,"buyCount":2614,"reviewPoint":{"starPoint":4.74,"reviewCount":859},"isBigSmileItem":false,"isSoldOut":false,"couponDiscount":{"discountType":"R","discountPrice":"0","discountRate":"15"},"cardDiscount":{"discountRate":0},"sellerInfo":{"sellCustNo":"155104283","sellLoginId":"emartmall2","nickname":"이마트몰쓱배송","isLmoOfficialSeller":false,"isFashionSquareSeller":false,"isBrandOfficialSeller":false},"hasOption":false,"isAdult":false,"isCartVisible":true,"discountRate":0,"sellPrice":3180,"tagLabels":[],"buyUnitCount":1,"deliveryCode":"M","unitPrice":{"unit":100,"unitName":"g","price":318},"rank":9,"lcode":"100000036","mcode":"200002367","scode":"300024615"},{"itemNo":"3951320442","itemName":"곰표 중력 밀가루 1kg","itemUrl":"https://item.gmarket.co.kr/Item?goodscode=3951320442","imageUrl":"//gdimg.gmarket.co.kr/3951320442/still/400?ver=1725092714","sdBrandName":"곰표","itemPrice":1610,"buyCount":253,"reviewPoint":{"starPoint":4.78,"reviewCount":77},"isBigSmileItem":false,"isSoldOut":false,"couponDiscount":{"discountType":"R","discountPrice":"0","discountRate":"15"},"cardDiscount":{"discountRate":0},"sellerInfo":{"sellCustNo":"155104283","sellLoginId":"emartmall2","nickname":"이마트몰쓱배송","isLmoOfficialSeller":false,"isFashionSquareSeller":false,"isBrandOfficialSeller":false},"hasOption":false,"isAdult":false,"isCartVisible":true,"discountRate":0,"sellPrice":1610,"tagLabels":[],"buyUnitCount":1,"deliveryCode":"M","unitPrice":{"unit":100,"unitName":"g","price":161},"rank":10,"lcode":"100000036","mcode":"200002367","scode":"300024614"},{"itemNo":"2522712384","itemName":"노브랜드 간편한감자전믹스 200g","itemUrl":"https://item.gmarket.co.kr/Item?goodscode=2522712384","imageUrl":"//gdimg.gmarket.co.kr/2522712384/still/400?ver=1725103605","sdBrandName":"노브랜드","itemPrice":2580,"buyCount":8758,"reviewPoint":{"starPoint":4.74,"reviewCount":2231},"isBigSmileItem":false,"isSoldOut":false,"cardDiscount":{"discountRate":0},"sellerInfo":{"sellCustNo":"155104283","sellLoginId":"emartmall2","nickname":"이마트몰쓱배송","isLmoOfficialSeller":false,"isFashionSquareSeller":false,"isBrandOfficialSeller":false},"hasOption":false,"isAdult":false,"isCartVisible":true,"discountRate":0,"sellPrice":2580,"tagLabels":[],"buyUnitCount":1,"deliveryCode":"M","unitPrice":{"unit":100,"unitName":"g","price":1290},"rank":11,"lcode":"100000036","mcode":"200002367","scode":"300028698"},{"itemNo":"2522526519","itemName":"노브랜드 튀김가루 1.2kg","itemUrl":"https://item.gmarket.co.kr/Item?goodscode=2522526519","imageUrl":"//gdimg.gmarket.co.kr/2522526519/still/400?ver=1725102548","sdBrandName":"노브랜드","itemPrice":2680,"buyCount":1576,"reviewPoint":{"starPoint":4.76,"reviewCount":904},"isBigSmileItem":false,"isSoldOut":false,"cardDiscount":{"discountRate":0},"sellerInfo":{"sellCustNo":"155104283","sellLoginId":"emartmall2","nickname":"이마트몰쓱배송","isLmoOfficialSeller":false,"isFashionSquareSeller":false,"isBrandOfficialSeller":false},"hasOption":false,"isAdult":false,"isCartVisible":true,"discountRate":0,"sellPrice":2680,"tagLabels":[],"buyUnitCount":1,"deliveryCode":"M","unitPrice":{"unit":100,"unitName":"g","price":223},"rank":12,"lcode":"100000036","mcode":"200002367","scode":"300024615"},{"itemNo":"2518404949","itemName":"백설 찰밀가루 2.5kg","itemUrl":"https://item.gmarket.co.kr/Item?goodscode=2518404949","imageUrl":"//gdimg.gmarket.co.kr/2518404949/still/400?ver=1725088121","sdBrandName":"백설","itemPrice":5950,"buyCount":876,"reviewPoint":{"starPoint":4.79,"reviewCount":333},"isBigSmileItem":false,"isSoldOut":false,"couponDiscount":{"discountType":"R","discountPrice":"0","discountRate":"15"},"cardDiscount":{"discountRate":0},"sellerInfo":{"sellCustNo":"155104283","sellLoginId":"emartmall2","nickname":"이마트몰쓱배송","isLmoOfficialSeller":false,"isFashionSquareSeller":false,"isBrandOfficialSeller":false},"hasOption":false,"isAdult":false,"isCartVisible":true,"discountRate":0,"sellPrice":5950,"tagLabels":[],"buyUnitCount":1,"deliveryCode":"M","unitPrice":{"unit":100,"unitName":"g","price":238},"rank":13,"lcode":"100000036","mcode":"200002367","scode":"300024614"},{"itemNo":"2518870444","itemName":"CJ 백설 5가지재료 튀김가루 1kg","itemUrl":"https://item.gmarket.co.kr/Item?goodscode=2518870444","imageUrl":"//gdimg.gmarket.co.kr/2518870444/still/400?ver=1725091736","sdBrandName":"백설","itemPrice":3180,"buyCount":1284,"reviewPoint":{"starPoint":4.77,"reviewCount":579},"isBigSmileItem":false,"isSoldOut":false,"couponDiscount":{"discountType":"R","discountPrice":"0","discountRate":"15"},"cardDiscount":{"discountRate":0},"sellerInfo":{"sellCustNo":"155104283","sellLoginId":"emartmall2","nickname":"이마트몰쓱배송","isLmoOfficialSeller":false,"isFashionSquareSeller":false,"isBrandOfficialSeller":false},"hasOption":false,"isAdult":false,"isCartVisible":true,"discountRate":0,"sellPrice":3180,"tagLabels":[],"buyUnitCount":1,"deliveryCode":"M","unitPrice":{"unit":100,"unitName":"g","price":318},"rank":14,"lcode":"100000036","mcode":"200002367","scode":"300024615"},{"itemNo":"2519412791","itemName":"곰표 박력 밀가루 1kg","itemUrl":"https://item.gmarket.co.kr/Item?goodscode=2519412791","imageUrl":"//gdimg.gmarket.co.kr/2519412791/still/400?ver=1725122571","sdBrandName":"곰표","itemPrice":2220,"buyCount":669,"reviewPoint":{"starPoint":4.81,"reviewCount":171},"isBigSmileItem":false,"isSoldOut":false,"couponDiscount":{"discountType":"R","discountPrice":"0","discountRate":"15"},"cardDiscount":{"discountRate":0},"sellerInfo":{"sellCustNo":"155104283","sellLoginId":"emartmall2","nickname":"이마트몰쓱배송","isLmoOfficialSeller":false,"isFashionSquareSeller":false,"isBrandOfficialSeller":false},"hasOption":false,"isAdult":false,"isCartVisible":true,"discountRate":0,"sellPrice":2220,"tagLabels":[],"buyUnitCount":1,"deliveryCode":"M","unitPrice":{"unit":100,"unitName":"g","price":222},"rank":15,"lcode":"100000036","mcode":"200002367","scode":"300024614"},{"itemNo":"2522523370","itemName":"배대감 찹쌀가루 400g","itemUrl":"https://item.gmarket.co.kr/Item?goodscode=2522523370","imageUrl":"//gdimg.gmarket.co.kr/2522523370/still/400?ver=1725102619","sdBrandName":"배대감","itemPrice":3680,"buyCount":807,"reviewPoint":{"starPoint":4.71,"reviewCount":375},"isBigSmileItem":false,"isSoldOut":false,"couponDiscount":{"discountType":"R","discountPrice":"0","discountRate":"15"},"cardDiscount":{"discountRate":0},"sellerInfo":{"sellCustNo":"155104283","sellLoginId":"emartmall2","nickname":"이마트몰쓱배송","isLmoOfficialSeller":false,"isFashionSquareSeller":false,"isBrandOfficialSeller":false},"hasOption":false,"isAdult":false,"isCartVisible":true,"discountRate":0,"sellPrice":3680,"tagLabels":[],"buyUnitCount":1,"deliveryCode":"M","rank":16,"lcode":"100000036","mcode":"200002367","scode":"300028698"},{"itemNo":"2522662809","itemName":"노브랜드 치킨튀김가루 500g","itemUrl":"https://item.gmarket.co.kr/Item?goodscode=2522662809","imageUrl":"//gdimg.gmarket.co.kr/2522662809/still/400?ver=1725103402","sdBrandName":"노브랜드","itemPrice":2180,"buyCount":2107,"reviewPoint":{"starPoint":4.74,"reviewCount":693},"isBigSmileItem":false,"isSoldOut":false,"cardDiscount":{"discountRate":0},"sellerInfo":{"sellCustNo":"155104283","sellLoginId":"emartmall2","nickname":"이마트몰쓱배송","isLmoOfficialSeller":false,"isFashionSquareSeller":false,"isBrandOfficialSeller":false},"hasOption":false,"isAdult":false,"isCartVisible":true,"discountRate":0,"sellPrice":2180,"tagLabels":[],"buyUnitCount":1,"deliveryCode":"M","unitPrice":{"unit":100,"unitName":"g","price":436},"rank":17,"lcode":"100000036","mcode":"200002367","scode":"300024615"},{"itemNo":"2523169708","itemName":"곰표 우리밀밀가루(레트로) 900g","itemUrl":"https://item.gmarket.co.kr/Item?goodscode=2523169708","imageUrl":"//gdimg.gmarket.co.kr/2523169708/still/400?ver=1725116784","sdBrandName":"곰표","itemPrice":2950,"buyCount":655,"reviewPoint":{"starPoint":4.83,"reviewCount":249},"isBigSmileItem":false,"isSoldOut":false,"couponDiscount":{"discountType":"R","discountPrice":"0","discountRate":"15"},"cardDiscount":{"discountRate":0},"sellerInfo":{"sellCustNo":"155104283","sellLoginId":"emartmall2","nickname":"이마트몰쓱배송","isLmoOfficialSeller":false,"isFashionSquareSeller":false,"isBrandOfficialSeller":false},"hasOption":false,"isAdult":false,"isCartVisible":true,"discountRate":0,"sellPrice":2950,"tagLabels":[],"buyUnitCount":1,"deliveryCode":"M","unitPrice":{"unit":100,"unitName":"g","price":328},"rank":18,"lcode":"100000036","mcode":"200002367","scode":"300024614"},{"itemNo":"2518574870","itemName":"백설 우리밀 부침가루 500g","itemUrl":"https://item.gmarket.co.kr/Item?goodscode=2518574870","imageUrl":"//gdimg.gmarket.co.kr/2518574870/still/400?ver=1725092660","sdBrandName":"백설","itemPrice":3680,"buyCount":927,"reviewPoint":{"starPoint":4.83,"reviewCount":268},"isBigSmileItem":false,"isSoldOut":false,"couponDiscount":{"discountType":"R","discountPrice":"0","discountRate":"15"},"cardDiscount":{"discountRate":0},"sellerInfo":{"sellCustNo":"155104283","sellLoginId":"emartmall2","nickname":"이마트몰쓱배송","isLmoOfficialSeller":false,"isFashionSquareSeller":false,"isBrandOfficialSeller":false},"hasOption":false,"isAdult":false,"isCartVisible":true,"discountRate":0,"sellPrice":3680,"tagLabels":[],"buyUnitCount":1,"deliveryCode":"M","unitPrice":{"unit":100,"unitName":"g","price":736},"rank":19,"lcode":"100000036","mcode":"200002367","scode":"300024615"},{"itemNo":"2617914980","itemName":"CJ백설 통밀 밀가루 1kg","itemUrl":"https://item.gmarket.co.kr/Item?goodscode=2617914980","imageUrl":"//gdimg.gmarket.co.kr/2617914980/still/400?ver=1725125072","sdBrandName":"백설","itemPrice":2550,"buyCount":660,"reviewPoint":{"starPoint":4.74,"reviewCount":291},"isBigSmileItem":false,"isSoldOut":false,"couponDiscount":{"discountType":"R","discountPrice":"0","discountRate":"15"},"cardDiscount":{"discountRate":0},"sellerInfo":{"sellCustNo":"155104283","sellLoginId":"emartmall2","nickname":"이마트몰쓱배송","isLmoOfficialSeller":false,"isFashionSquareSeller":false,"isBrandOfficialSeller":false},"hasOption":false,"isAdult":false,"isCartVisible":true,"discountRate":0,"sellPrice":2550,"tagLabels":[],"buyUnitCount":1,"deliveryCode":"M","unitPrice":{"unit":100,"unitName":"g","price":255},"rank":20,"lcode":"100000036","mcode":"200002367","scode":"300024614"},{"itemNo":"2522520936","itemName":"배대감 엿기름가루 350g","itemUrl":"https://item.gmarket.co.kr/Item?goodscode=2522520936","imageUrl":"//gdimg.gmarket.co.kr/2522520936/still/400?ver=1725102371","itemPrice":5500,"buyCount":220,"reviewPoint":{"starPoint":4.75,"reviewCount":57},"isBigSmileItem":false,"isSoldOut":false,"couponDiscount":{"discountType":"R","discountPrice":"0","discountRate":"15"},"cardDiscount":{"discountRate":0},"sellerInfo":{"sellCustNo":"155104283","sellLoginId":"emartmall2","nickname":"이마트몰쓱배송","isLmoOfficialSeller":false,"isFashionSquareSeller":false,"isBrandOfficialSeller":false},"hasOption":false,"isAdult":false,"isCartVisible":true,"discountRate":0,"sellPrice":5500,"tagLabels":[],"buyUnitCount":1,"deliveryCode":"M","rank":21,"lcode":"100000036","mcode":"200002367","scode":"300028698"},{"itemNo":"3951322654","itemName":"곰표 중력 밀가루 2.5kg","itemUrl":"https://item.gmarket.co.kr/Item?goodscode=3951322654","imageUrl":"//gdimg.gmarket.co.kr/3951322654/still/400?ver=1725092735","sdBrandName":"곰표","itemPrice":3860,"buyCount":81,"reviewPoint":{"starPoint":4.89,"reviewCount":23},"isBigSmileItem":false,"isSoldOut":false,"couponDiscount":{"discountType":"R","discountPrice":"0","discountRate":"15"},"cardDiscount":{"discountRate":0},"sellerInfo":{"sellCustNo":"155104283","sellLoginId":"emartmall2","nickname":"이마트몰쓱배송","isLmoOfficialSeller":false,"isFashionSquareSeller":false,"isBrandOfficialSeller":false},"hasOption":false,"isAdult":false,"isCartVisible":true,"discountRate":0,"sellPrice":3860,"tagLabels":[],"buyUnitCount":1,"deliveryCode":"M","unitPrice":{"unit":100,"unitName":"g","price":154},"rank":22,"lcode":"100000036","mcode":"200002367","scode":"300024614"},{"itemNo":"2518443527","itemName":"백설   강력 밀가루 (빵용) 1kg","itemUrl":"https://item.gmarket.co.kr/Item?goodscode=2518443527","imageUrl":"//gdimg.gmarket.co.kr/2518443527/still/400?ver=1725088116","sdBrandName":"백설","itemPrice":2350,"buyCount":1686,"reviewPoint":{"starPoint":4.68,"reviewCount":480},"isBigSmileItem":false,"isSoldOut":false,"couponDiscount":{"discountType":"R","discountPrice":"0","discountRate":"15"},"cardDiscount":{"discountRate":0},"sellerInfo":{"sellCustNo":"155104283","sellLoginId":"emartmall2","nickname":"이마트몰쓱배송","isLmoOfficialSeller":false,"isFashionSquareSeller":false,"isBrandOfficialSeller":false},"hasOption":false,"isAdult":false,"isCartVisible":true,"discountRate":0,"sellPrice":2350,"tagLabels":[],"buyUnitCount":1,"deliveryCode":"M","unitPrice":{"unit":100,"unitName":"g","price":235},"rank":23,"lcode":"100000036","mcode":"200002367","scode":"300024614"},{"itemNo":"2522647954","itemName":"노브랜드 콩국물가루 400g","itemUrl":"https://item.gmarket.co.kr/Item?goodscode=2522647954","imageUrl":"//gdimg.gmarket.co.kr/2522647954/still/400?ver=1725104586","itemPrice":4380,"buyCount":1157,"reviewPoint":{"starPoint":4.73,"reviewCount":493},"isBigSmileItem":false,"isSoldOut":false,"cardDiscount":{"discountRate":0},"sellerInfo":{"sellCustNo":"155104283","sellLoginId":"emartmall2","nickname":"이마트몰쓱배송","isLmoOfficialSeller":false,"isFashionSquareSeller":false,"isBrandOfficialSeller":false},"hasOption":false,"isAdult":false,"isCartVisible":true,"discountRate":0,"sellPrice":4380,"tagLabels":[],"buyUnitCount":1,"deliveryCode":"M","rank":24,"lcode":"100000036","mcode":"200002367","scode":"300028698"},{"itemNo":"2522792951","itemName":"곰표 부침가루 1kg(레트로)","itemUrl":"https://item.gmarket.co.kr/Item?goodscode=2522792951","imageUrl":"//gdimg.gmarket.co.kr/2522792951/still/400?ver=1725107064","sdBrandName":"곰표","itemPrice":2980,"buyCount":1727,"reviewPoint":{"starPoint":4.79,"reviewCount":765},"isBigSmileItem":false,"isSoldOut":false,"couponDiscount":{"discountType":"R","discountPrice":"0","discountRate":"15"},"cardDiscount":{"discountRate":0},"sellerInfo":{"sellCustNo":"155104283","sellLoginId":"emartmall2","nickname":"이마트몰쓱배송","isLmoOfficialSeller":false,"isFashionSquareSeller":false,"isBrandOfficialSeller":false},"hasOption":false,"isAdult":false,"isCartVisible":true,"discountRate":0,"sellPrice":2980,"tagLabels":[],"buyUnitCount":1,"deliveryCode":"M","unitPrice":{"unit":100,"unitName":"g","price":298},"rank":25,"lcode":"100000036","mcode":"200002367","scode":"300024615"},{"itemNo":"2745617568","itemName":"자연주의 국산 부침가루 700g","itemUrl":"https://item.gmarket.co.kr/Item?goodscode=2745617568","imageUrl":"//gdimg.gmarket.co.kr/2745617568/still/400?ver=1725129411","sdBrandName":"자연주의","itemPrice":5980,"buyCount":148,"reviewPoint":{"starPoint":4.83,"reviewCount":79},"isBigSmileItem":false,"isSoldOut":false,"couponDiscount":{"discountType":"R","discountPrice":"0","discountRate":"15"},"cardDiscount":{"discountRate":0},"sellerInfo":{"sellCustNo":"155104283","sellLoginId":"emartmall2","nickname":"이마트몰쓱배송","isLmoOfficialSeller":false,"isFashionSquareSeller":false,"isBrandOfficialSeller":false},"hasOption":false,"isAdult":false,"isCartVisible":true,"discountRate":25,"sellPrice":7980,"tagLabels":[],"buyUnitCount":1,"deliveryCode":"M","unitPrice":{"unit":100,"unitName":"g","price":854},"rank":26,"lcode":"100000036","mcode":"200000642","scode":"300028688"},{"itemNo":"2518648006","itemName":"봉평촌 메밀 부침가루 800g","itemUrl":"https://item.gmarket.co.kr/Item?goodscode=2518648006","imageUrl":"//gdimg.gmarket.co.kr/2518648006/still/400?ver=1725090770","sdBrandName":"봉평촌","itemPrice":9980,"buyCount":197,"reviewPoint":{"starPoint":4.75,"reviewCount":69},"isBigSmileItem":false,"isSoldOut":false,"couponDiscount":{"discountType":"R","discountPrice":"0","discountRate":"15"},"cardDiscount":{"discountRate":0},"sellerInfo":{"sellCustNo":"155104283","sellLoginId":"emartmall2","nickname":"이마트몰쓱배송","isLmoOfficialSeller":false,"isFashionSquareSeller":false,"isBrandOfficialSeller":false},"hasOption":false,"isAdult":false,"isCartVisible":true,"discountRate":0,"sellPrice":9980,"tagLabels":[],"buyUnitCount":1,"deliveryCode":"M","unitPrice":{"unit":100,"unitName":"g","price":1248},"rank":27,"lcode":"100000036","mcode":"200002367","scode":"300024615"},{"itemNo":"2518404983","itemName":"백설 찰밀가루 1kg","itemUrl":"https://item.gmarket.co.kr/Item?goodscode=2518404983","imageUrl":"//gdimg.gmarket.co.kr/2518404983/still/400?ver=1725088115","sdBrandName":"백설","itemPrice":2550,"buyCount":1596,"reviewPoint":{"starPoint":4.82,"reviewCount":433},"isBigSmileItem":false,"isSoldOut":false,"couponDiscount":{"discountType":"R","discountPrice":"0","discountRate":"15"},"cardDiscount":{"discountRate":0},"sellerInfo":{"sellCustNo":"155104283","sellLoginId":"emartmall2","nickname":"이마트몰쓱배송","isLmoOfficialSeller":false,"isFashionSquareSeller":false,"isBrandOfficialSeller":false},"hasOption":false,"isAdult":false,"isCartVisible":true,"discountRate":0,"sellPrice":2550,"tagLabels":[],"buyUnitCount":1,"deliveryCode":"M","unitPrice":{"unit":100,"unitName":"g","price":255},"rank":28,"lcode":"100000036","mcode":"200002367","scode":"300024614"},{"itemNo":"2518444456","itemName":"백설   박력 밀가루(과자용) 1kg","itemUrl":"https://item.gmarket.co.kr/Item?goodscode=2518444456","imageUrl":"//gdimg.gmarket.co.kr/2518444456/still/400?ver=1725088103","sdBrandName":"백설","itemPrice":2350,"buyCount":1752,"reviewPoint":{"starPoint":4.75,"reviewCount":417},"isBigSmileItem":false,"isSoldOut":false,"couponDiscount":{"discountType":"R","discountPrice":"0","discountRate":"15"},"cardDiscount":{"discountRate":0},"sellerInfo":{"sellCustNo":"155104283","sellLoginId":"emartmall2","nickname":"이마트몰쓱배송","isLmoOfficialSeller":false,"isFashionSquareSeller":false,"isBrandOfficialSeller":false},"hasOption":false,"isAdult":false,"isCartVisible":true,"discountRate":0,"sellPrice":2350,"tagLabels":[],"buyUnitCount":1,"deliveryCode":"M","unitPrice":{"unit":100,"unitName":"g","price":235},"rank":29,"lcode":"100000036","mcode":"200002367","scode":"300024614"},{"itemNo":"2518487105","itemName":"성진 감자전분맛 400g","itemUrl":"https://item.gmarket.co.kr/Item?goodscode=2518487105","imageUrl":"//gdimg.gmarket.co.kr/2518487105/still/400?ver=1725512940","itemPrice":3380,"buyCount":432,"reviewPoint":{"starPoint":4.84,"reviewCount":130},"isBigSmileItem":false,"isSoldOut":false,"couponDiscount":{"discountType":"R","discountPrice":"0","discountRate":"15"},"cardDiscount":{"discountRate":0},"sellerInfo":{"sellCustNo":"155104283","sellLoginId":"emartmall2","nickname":"이마트몰쓱배송","isLmoOfficialSeller":false,"isFashionSquareSeller":false,"isBrandOfficialSeller":false},"hasOption":false,"isAdult":false,"isCartVisible":true,"discountRate":0,"sellPrice":3380,"tagLabels":[],"buyUnitCount":1,"deliveryCode":"M","unitPrice":{"unit":100,"unitName":"g","price":845},"rank":30,"lcode":"100000036","mcode":"200002367","scode":"300028698"},{"itemNo":"2518494172","itemName":"성진 들깨가루 400g","itemUrl":"https://item.gmarket.co.kr/Item?goodscode=2518494172","imageUrl":"//gdimg.gmarket.co.kr/2518494172/still/400?ver=1725092690","itemPrice":9980,"buyCount":363,"reviewPoint":{"starPoint":4.77,"reviewCount":119},"isBigSmileItem":false,"isSoldOut":false,"couponDiscount":{"discountType":"R","discountPrice":"0","discountRate":"15"},"cardDiscount":{"discountRate":0},"sellerInfo":{"sellCustNo":"155104283","sellLoginId":"emartmall2","nickname":"이마트몰쓱배송","isLmoOfficialSeller":false,"isFashionSquareSeller":false,"isBrandOfficialSeller":false},"hasOption":false,"isAdult":false,"isCartVisible":true,"discountRate":0,"sellPrice":9980,"tagLabels":[],"buyUnitCount":1,"deliveryCode":"M","rank":31,"lcode":"100000036","mcode":"200002367","scode":"300028698"},{"itemNo":"2518571564","itemName":"밀가루대신 아몬드파우더 250g","itemUrl":"https://item.gmarket.co.kr/Item?goodscode=2518571564","imageUrl":"//gdimg.gmarket.co.kr/2518571564/still/400?ver=1725107973","sdBrandName":"바이오믹스","itemPrice":6980,"buyCount":74,"reviewPoint":{"starPoint":4.9,"reviewCount":27},"isBigSmileItem":false,"isSoldOut":false,"couponDiscount":{"discountType":"R","discountPrice":"0","discountRate":"15"},"cardDiscount":{"discountRate":0},"sellerInfo":{"sellCustNo":"155104283","sellLoginId":"emartmall2","nickname":"이마트몰쓱배송","isLmoOfficialSeller":false,"isFashionSquareSeller":false,"isBrandOfficialSeller":false},"hasOption":false,"isAdult":false,"isCartVisible":true,"discountRate":0,"sellPrice":6980,"tagLabels":[],"buyUnitCount":1,"deliveryCode":"M","rank":32,"lcode":"100000036","mcode":"200002367","scode":"300028698"},{"itemNo":"2522524688","itemName":"배대감 들깨가루300g","itemUrl":"https://item.gmarket.co.kr/Item?goodscode=2522524688","imageUrl":"//gdimg.gmarket.co.kr/2522524688/still/400?ver=1725102415","itemPrice":18800,"buyCount":129,"reviewPoint":{"starPoint":4.78,"reviewCount":50},"isBigSmileItem":false,"isSoldOut":false,"couponDiscount":{"discountType":"R","discountPrice":"0","discountRate":"15"},"cardDiscount":{"discountRate":0},"sellerInfo":{"sellCustNo":"155104283","sellLoginId":"emartmall2","nickname":"이마트몰쓱배송","isLmoOfficialSeller":false,"isFashionSquareSeller":false,"isBrandOfficialSeller":false},"hasOption":false,"isAdult":false,"isCartVisible":true,"discountRate":0,"sellPrice":18800,"tagLabels":[],"buyUnitCount":1,"deliveryCode":"M","rank":33,"lcode":"100000036","mcode":"200002367","scode":"300028698"},{"itemNo":"2522795332","itemName":"밀가루대신 타피오카 전분1.2kg","itemUrl":"https://item.gmarket.co.kr/Item?goodscode=2522795332","imageUrl":"//gdimg.gmarket.co.kr/2522795332/still/400?ver=1725106002","itemPrice":6480,"buyCount":180,"reviewPoint":{"starPoint":4.82,"reviewCount":92},"isBigSmileItem":false,"isSoldOut":false,"couponDiscount":{"discountType":"R","discountPrice":"0","discountRate":"15"},"cardDiscount":{"discountRate":0},"sellerInfo":{"sellCustNo":"155104283","sellLoginId":"emartmall2","nickname":"이마트몰쓱배송","isLmoOfficialSeller":false,"isFashionSquareSeller":false,"isBrandOfficialSeller":false},"hasOption":false,"isAdult":false,"isCartVisible":true,"discountRate":0,"sellPrice":6480,"tagLabels":[],"buyUnitCount":1,"deliveryCode":"M","unitPrice":{"unit":100,"unitName":"g","price":540},"rank":34,"lcode":"100000036","mcode":"200002367","scode":"300024614"},{"itemNo":"2522877217","itemName":"노브랜드 간편한김치전믹스 210g","itemUrl":"https://item.gmarket.co.kr/Item?goodscode=2522877217","imageUrl":"//gdimg.gmarket.co.kr/2522877217/still/400?ver=1725117878","sdBrandName":"노브랜드","itemPrice":3280,"buyCount":991,"reviewPoint":{"starPoint":4.7,"reviewCount":283},"isBigSmileItem":false,"isSoldOut":false,"cardDiscount":{"discountRate":0},"sellerInfo":{"sellCustNo":"155104283","sellLoginId":"emartmall2","nickname":"이마트몰쓱배송","isLmoOfficialSeller":false,"isFashionSquareSeller":false,"isBrandOfficialSeller":false},"hasOption":false,"isAdult":false,"isCartVisible":true,"discountRate":0,"sellPrice":3280,"tagLabels":[],"buyUnitCount":1,"deliveryCode":"M","rank":35,"lcode":"100000036","mcode":"200002367","scode":"300028698"},{"itemNo":"2519410481","itemName":"곰표 강력 밀가루 1kg","itemUrl":"https://item.gmarket.co.kr/Item?goodscode=2519410481","imageUrl":"//gdimg.gmarket.co.kr/2519410481/still/400?ver=1725123830","sdBrandName":"곰표","itemPrice":2220,"buyCount":589,"reviewPoint":{"starPoint":4.72,"reviewCount":145},"isBigSmileItem":false,"isSoldOut":false,"couponDiscount":{"discountType":"R","discountPrice":"0","discountRate":"15"},"cardDiscount":{"discountRate":0},"sellerInfo":{"sellCustNo":"155104283","sellLoginId":"emartmall2","nickname":"이마트몰쓱배송","isLmoOfficialSeller":false,"isFashionSquareSeller":false,"isBrandOfficialSeller":false},"hasOption":false,"isAdult":false,"isCartVisible":true,"discountRate":0,"sellPrice":2220,"tagLabels":[],"buyUnitCount":1,"deliveryCode":"M","unitPrice":{"unit":100,"unitName":"g","price":222},"rank":36,"lcode":"100000036","mcode":"200002367","scode":"300024614"},{"itemNo":"2522594892","itemName":"배대감 옥수수맛전분350g","itemUrl":"https://item.gmarket.co.kr/Item?goodscode=2522594892","imageUrl":"//gdimg.gmarket.co.kr/2522594892/still/400?ver=1725102335","sdBrandName":"배대감","itemPrice":2180,"buyCount":650,"reviewPoint":{"starPoint":4.74,"reviewCount":195},"isBigSmileItem":false,"isSoldOut":false,"couponDiscount":{"discountType":"R","discountPrice":"0","discountRate":"15"},"cardDiscount":{"discountRate":0},"sellerInfo":{"sellCustNo":"155104283","sellLoginId":"emartmall2","nickname":"이마트몰쓱배송","isLmoOfficialSeller":false,"isFashionSquareSeller":false,"isBrandOfficialSeller":false},"hasOption":false,"isAdult":false,"isCartVisible":true,"discountRate":0,"sellPrice":2180,"tagLabels":[],"buyUnitCount":1,"deliveryCode":"M","unitPrice":{"unit":100,"unitName":"g","price":623},"rank":37,"lcode":"100000036","mcode":"200002367","scode":"300028698"},{"itemNo":"2523390647","itemName":"성진 청국장분말 350g","itemUrl":"https://item.gmarket.co.kr/Item?goodscode=2523390647","imageUrl":"//gdimg.gmarket.co.kr/2523390647/still/400?ver=1725100045","itemPrice":10800,"buyCount":47,"reviewPoint":{"starPoint":4.65,"reviewCount":31},"isBigSmileItem":false,"isSoldOut":false,"couponDiscount":{"discountType":"R","discountPrice":"0","discountRate":"15"},"cardDiscount":{"discountRate":0},"sellerInfo":{"sellCustNo":"155104283","sellLoginId":"emartmall2","nickname":"이마트몰쓱배송","isLmoOfficialSeller":false,"isFashionSquareSeller":false,"isBrandOfficialSeller":false},"hasOption":false,"isAdult":false,"isCartVisible":true,"discountRate":0,"sellPrice":10800,"tagLabels":[],"buyUnitCount":1,"deliveryCode":"M","rank":38,"lcode":"100000036","mcode":"200002367","scode":"300028698"},{"itemNo":"2561848622","itemName":"믹스앤베이크 MixBake 홈메이드 베이킹 파우더 170g","itemUrl":"https://item.gmarket.co.kr/Item?goodscode=2561848622","imageUrl":"//gdimg.gmarket.co.kr/2561848622/still/400?ver=1725088399","itemPrice":2480,"buyCount":194,"reviewPoint":{"starPoint":4.73,"reviewCount":67},"isBigSmileItem":false,"isSoldOut":false,"couponDiscount":{"discountType":"R","discountPrice":"0","discountRate":"15"},"cardDiscount":{"discountRate":0},"sellerInfo":{"sellCustNo":"155104283","sellLoginId":"emartmall2","nickname":"이마트몰쓱배송","isLmoOfficialSeller":false,"isFashionSquareSeller":false,"isBrandOfficialSeller":false},"hasOption":false,"isAdult":false,"isCartVisible":true,"discountRate":0,"sellPrice":2480,"tagLabels":[],"buyUnitCount":1,"deliveryCode":"M","rank":39,"lcode":"100000036","mcode":"200002367","scode":"300028698"},{"itemNo":"3610320530","itemName":"피코크 와플팬케익믹스 400g","itemUrl":"https://item.gmarket.co.kr/Item?goodscode=3610320530","imageUrl":"//gdimg.gmarket.co.kr/3610320530/still/400?ver=1725141440","itemPrice":2980,"buyCount":128,"reviewPoint":{"starPoint":4.37,"reviewCount":21},"isBigSmileItem":false,"isSoldOut":false,"couponDiscount":{"discountType":"R","discountPrice":"0","discountRate":"15"},"cardDiscount":{"discountRate":0},"sellerInfo":{"sellCustNo":"155104283","sellLoginId":"emartmall2","nickname":"이마트몰쓱배송","isLmoOfficialSeller":false,"isFashionSquareSeller":false,"isBrandOfficialSeller":false},"hasOption":false,"isAdult":false,"isCartVisible":true,"discountRate":0,"sellPrice":2980,"tagLabels":[],"buyUnitCount":1,"deliveryCode":"M","rank":40,"lcode":"100000036","mcode":"200002367","scode":"300028698"},{"itemNo":"2518741322","itemName":"성진 찹쌀가루 1kg","itemUrl":"https://item.gmarket.co.kr/Item?goodscode=2518741322","imageUrl":"//gdimg.gmarket.co.kr/2518741322/still/400?ver=1725091741","itemPrice":8280,"buyCount":318,"reviewPoint":{"starPoint":4.7,"reviewCount":126},"isBigSmileItem":false,"isSoldOut":false,"couponDiscount":{"discountType":"R","discountPrice":"0","discountRate":"15"},"cardDiscount":{"discountRate":0},"sellerInfo":{"sellCustNo":"155104283","sellLoginId":"emartmall2","nickname":"이마트몰쓱배송","isLmoOfficialSeller":false,"isFashionSquareSeller":false,"isBrandOfficialSeller":false},"hasOption":false,"isAdult":false,"isCartVisible":true,"discountRate":0,"sellPrice":8280,"tagLabels":[],"buyUnitCount":1,"deliveryCode":"M","rank":41,"lcode":"100000036","mcode":"200002367","scode":"300028698"},{"itemNo":"2522596795","itemName":"배대감 녹두가루 400g","itemUrl":"https://item.gmarket.co.kr/Item?goodscode=2522596795","imageUrl":"//gdimg.gmarket.co.kr/2522596795/still/400?ver=1725102620","itemPrice":5280,"buyCount":117,"reviewPoint":{"starPoint":4.71,"reviewCount":50},"isBigSmileItem":false,"isSoldOut":false,"couponDiscount":{"discountType":"R","discountPrice":"0","discountRate":"15"},"cardDiscount":{"discountRate":0},"sellerInfo":{"sellCustNo":"155104283","sellLoginId":"emartmall2","nickname":"이마트몰쓱배송","isLmoOfficialSeller":false,"isFashionSquareSeller":false,"isBrandOfficialSeller":false},"hasOption":false,"isAdult":false,"isCartVisible":true,"discountRate":0,"sellPrice":5280,"tagLabels":[],"buyUnitCount":1,"deliveryCode":"M","rank":42,"lcode":"100000036","mcode":"200002367","scode":"300028698"},{"itemNo":"2523164924","itemName":"브래드가든 진저쿠키만들기세트350G","itemUrl":"https://item.gmarket.co.kr/Item?goodscode=2523164924","imageUrl":"//gdimg.gmarket.co.kr/2523164924/still/400?ver=1725100064","itemPrice":9980,"buyCount":78,"reviewPoint":{"starPoint":4.85,"reviewCount":22},"isBigSmileItem":false,"isSoldOut":false,"couponDiscount":{"discountType":"R","discountPrice":"0","discountRate":"15"},"cardDiscount":{"discountRate":0},"sellerInfo":{"sellCustNo":"155104283","sellLoginId":"emartmall2","nickname":"이마트몰쓱배송","isLmoOfficialSeller":false,"isFashionSquareSeller":false,"isBrandOfficialSeller":false},"hasOption":false,"isAdult":false,"isCartVisible":true,"discountRate":0,"sellPrice":9980,"tagLabels":[],"buyUnitCount":1,"deliveryCode":"M","rank":43,"lcode":"100000036","mcode":"200002367","scode":"300028698"},{"itemNo":"2531275831","itemName":"티아시아 요거트 라씨 망고 파우더 320g","itemUrl":"https://item.gmarket.co.kr/Item?goodscode=2531275831","imageUrl":"//gdimg.gmarket.co.kr/2531275831/still/400?ver=1725123458","itemPrice":6280,"buyCount":129,"reviewPoint":{"starPoint":4.86,"reviewCount":24},"isBigSmileItem":false,"isSoldOut":false,"couponDiscount":{"discountType":"R","discountPrice":"0","discountRate":"15"},"cardDiscount":{"discountRate":0},"sellerInfo":{"sellCustNo":"155104283","sellLoginId":"emartmall2","nickname":"이마트몰쓱배송","isLmoOfficialSeller":false,"isFashionSquareSeller":false,"isBrandOfficialSeller":false},"hasOption":false,"isAdult":false,"isCartVisible":true,"discountRate":0,"sellPrice":6280,"tagLabels":[],"buyUnitCount":1,"deliveryCode":"M","rank":44,"lcode":"100000036","mcode":"200002367","scode":"300028698"},{"itemNo":"2745617530","itemName":"자연주의 국산 튀김가루 700g","itemUrl":"https://item.gmarket.co.kr/Item?goodscode=2745617530","imageUrl":"//gdimg.gmarket.co.kr/2745617530/still/400?ver=1725128321","sdBrandName":"자연주의","itemPrice":5980,"buyCount":75,"reviewPoint":{"starPoint":4.82,"reviewCount":27},"isBigSmileItem":false,"isSoldOut":false,"couponDiscount":{"discountType":"R","discountPrice":"0","discountRate":"15"},"cardDiscount":{"discountRate":0},"sellerInfo":{"sellCustNo":"155104283","sellLoginId":"emartmall2","nickname":"이마트몰쓱배송","isLmoOfficialSeller":false,"isFashionSquareSeller":false,"isBrandOfficialSeller":false},"hasOption":false,"isAdult":false,"isCartVisible":true,"discountRate":25,"sellPrice":7980,"tagLabels":[],"buyUnitCount":1,"deliveryCode":"M","unitPrice":{"unit":100,"unitName":"g","price":854},"rank":45,"lcode":"100000036","mcode":"200000642","scode":"300028688"},{"itemNo":"2518561183","itemName":"무농약 찹쌀가루 500g","itemUrl":"https://item.gmarket.co.kr/Item?goodscode=2518561183","imageUrl":"//gdimg.gmarket.co.kr/2518561183/still/400?ver=1725092638","sdBrandName":"청오","itemPrice":4880,"buyCount":101,"reviewPoint":{"starPoint":4.83,"reviewCount":33},"isBigSmileItem":false,"isSoldOut":false,"couponDiscount":{"discountType":"R","discountPrice":"0","discountRate":"15"},"cardDiscount":{"discountRate":0},"sellerInfo":{"sellCustNo":"155104283","sellLoginId":"emartmall2","nickname":"이마트몰쓱배송","isLmoOfficialSeller":false,"isFashionSquareSeller":false,"isBrandOfficialSeller":false},"hasOption":false,"isAdult":false,"isCartVisible":true,"discountRate":0,"sellPrice":4880,"tagLabels":[],"buyUnitCount":1,"deliveryCode":"M","rank":46,"lcode":"100000036","mcode":"200001208","scode":"300021915"},{"itemNo":"2522484025","itemName":"브레드가든이스트(4g8봉)32g","itemUrl":"https://item.gmarket.co.kr/Item?goodscode=2522484025","imageUrl":"//gdimg.gmarket.co.kr/2522484025/still/400?ver=1725102083","sdBrandName":"브레드가든","itemPrice":3680,"buyCount":180,"reviewPoint":{"starPoint":4.64,"reviewCount":70},"isBigSmileItem":false,"isSoldOut":false,"couponDiscount":{"discountType":"R","discountPrice":"0","discountRate":"15"},"cardDiscount":{"discountRate":0},"sellerInfo":{"sellCustNo":"155104283","sellLoginId":"emartmall2","nickname":"이마트몰쓱배송","isLmoOfficialSeller":false,"isFashionSquareSeller":false,"isBrandOfficialSeller":false},"hasOption":false,"isAdult":false,"isCartVisible":true,"discountRate":0,"sellPrice":3680,"tagLabels":[],"buyUnitCount":1,"deliveryCode":"M","rank":47,"lcode":"100000036","mcode":"200002367","scode":"300028698"},{"itemNo":"3282465192","itemName":"오뚜기 찹쌀호떡믹스 400G","itemUrl":"https://item.gmarket.co.kr/Item?goodscode=3282465192","imageUrl":"//gdimg.gmarket.co.kr/3282465192/still/400?ver=1725136414","itemPrice":3980,"buyCount":468,"reviewPoint":{"starPoint":4.86,"reviewCount":157},"isBigSmileItem":false,"isSoldOut":false,"couponDiscount":{"discountType":"R","discountPrice":"0","discountRate":"15"},"cardDiscount":{"discountRate":0},"sellerInfo":{"sellCustNo":"155104283","sellLoginId":"emartmall2","nickname":"이마트몰쓱배송","isLmoOfficialSeller":false,"isFashionSquareSeller":false,"isBrandOfficialSeller":false},"hasOption":false,"isAdult":false,"isCartVisible":true,"discountRate":0,"sellPrice":3980,"tagLabels":[],"buyUnitCount":1,"deliveryCode":"M","rank":48,"lcode":"100000036","mcode":"200002367","scode":"300028698"},{"itemNo":"2522523958","itemName":"배대감 찹쌀가루 1kg","itemUrl":"https://item.gmarket.co.kr/Item?goodscode=2522523958","imageUrl":"//gdimg.gmarket.co.kr/2522523958/still/400?ver=1725102489","itemPrice":8380,"buyCount":286,"reviewPoint":{"starPoint":4.77,"reviewCount":146},"isBigSmileItem":false,"isSoldOut":false,"couponDiscount":{"discountType":"R","discountPrice":"0","discountRate":"15"},"cardDiscount":{"discountRate":0},"sellerInfo":{"sellCustNo":"155104283","sellLoginId":"emartmall2","nickname":"이마트몰쓱배송","isLmoOfficialSeller":false,"isFashionSquareSeller":false,"isBrandOfficialSeller":false},"hasOption":false,"isAdult":false,"isCartVisible":true,"discountRate":0,"sellPrice":8380,"tagLabels":[],"buyUnitCount":1,"deliveryCode":"M","rank":49,"lcode":"100000036","mcode":"200002367","scode":"300028698"},{"itemNo":"2518451040","itemName":"곰표 찰진 햇밀가루 중력 2.5kg","itemUrl":"https://item.gmarket.co.kr/Item?goodscode=2518451040","imageUrl":"//gdimg.gmarket.co.kr/2518451040/still/400?ver=1725088086","sdBrandName":"곰표","itemPrice":5170,"buyCount":141,"reviewPoint":{"starPoint":4.67,"reviewCount":56},"isBigSmileItem":false,"isSoldOut":false,"couponDiscount":{"discountType":"R","discountPrice":"0","discountRate":"15"},"cardDiscount":{"discountRate":0},"sellerInfo":{"sellCustNo":"155104283","sellLoginId":"emartmall2","nickname":"이마트몰쓱배송","isLmoOfficialSeller":false,"isFashionSquareSeller":false,"isBrandOfficialSeller":false},"hasOption":false,"isAdult":false,"isCartVisible":true,"discountRate":0,"sellPrice":5170,"tagLabels":[],"buyUnitCount":1,"deliveryCode":"M","unitPrice":{"unit":100,"unitName":"g","price":207},"rank":50,"lcode":"100000036","mcode":"200002367","scode":"300024614"},{"itemNo":"2518487117","itemName":"백설  치킨 튀김가루 1kg","itemUrl":"https://item.gmarket.co.kr/Item?goodscode=2518487117","imageUrl":"//gdimg.gmarket.co.kr/2518487117/still/400?ver=1725091471","sdBrandName":"백설","itemPrice":6380,"buyCount":184,"reviewPoint":{"starPoint":4.67,"reviewCount":81},"isBigSmileItem":false,"isSoldOut":false,"couponDiscount":{"discountType":"R","discountPrice":"0","discountRate":"15"},"cardDiscount":{"discountRate":0},"sellerInfo":{"sellCustNo":"155104283","sellLoginId":"emartmall2","nickname":"이마트몰쓱배송","isLmoOfficialSeller":false,"isFashionSquareSeller":false,"isBrandOfficialSeller":false},"hasOption":false,"isAdult":false,"isCartVisible":true,"discountRate":0,"sellPrice":6380,"tagLabels":[],"buyUnitCount":1,"deliveryCode":"M","unitPrice":{"unit":100,"unitName":"g","price":638},"rank":51,"lcode":"100000036","mcode":"200002367","scode":"300024615"},{"itemNo":"2518492673","itemName":"큐원 밀가루 강력분 1kg","itemUrl":"https://item.gmarket.co.kr/Item?goodscode=2518492673","imageUrl":"//gdimg.gmarket.co.kr/2518492673/still/400?ver=1725092707","sdBrandName":"큐원","itemPrice":2350,"buyCount":289,"reviewPoint":{"starPoint":4.51,"reviewCount":78},"isBigSmileItem":false,"isSoldOut":false,"couponDiscount":{"discountType":"R","discountPrice":"0","discountRate":"15"},"cardDiscount":{"discountRate":0},"sellerInfo":{"sellCustNo":"155104283","sellLoginId":"emartmall2","nickname":"이마트몰쓱배송","isLmoOfficialSeller":false,"isFashionSquareSeller":false,"isBrandOfficialSeller":false},"hasOption":false,"isAdult":false,"isCartVisible":true,"discountRate":0,"sellPrice":2350,"tagLabels":[],"buyUnitCount":1,"deliveryCode":"M","unitPrice":{"unit":100,"unitName":"g","price":235},"rank":52,"lcode":"100000036","mcode":"200002367","scode":"300024614"},{"itemNo":"2518493178","itemName":"큐원 박력 밀가루 1kg","itemUrl":"https://item.gmarket.co.kr/Item?goodscode=2518493178","imageUrl":"//gdimg.gmarket.co.kr/2518493178/still/400?ver=1725092702","sdBrandName":"큐원","itemPrice":2350,"buyCount":45,"reviewPoint":{"starPoint":4.5,"reviewCount":9},"isBigSmileItem":false,"isSoldOut":false,"couponDiscount":{"discountType":"R","discountPrice":"0","discountRate":"15"},"cardDiscount":{"discountRate":0},"sellerInfo":{"sellCustNo":"155104283","sellLoginId":"emartmall2","nickname":"이마트몰쓱배송","isLmoOfficialSeller":false,"isFashionSquareSeller":false,"isBrandOfficialSeller":false},"hasOption":false,"isAdult":false,"isCartVisible":true,"discountRate":0,"sellPrice":2350,"tagLabels":[],"buyUnitCount":1,"deliveryCode":"M","unitPrice":{"unit":100,"unitName":"g","price":235},"rank":53,"lcode":"100000036","mcode":"200002367","scode":"300024614"},{"itemNo":"2518494209","itemName":"곰표 중력 밀가루 1kg","itemUrl":"https://item.gmarket.co.kr/Item?goodscode=2518494209","imageUrl":"//gdimg.gmarket.co.kr/2518494209/still/400?ver=1707137477","sdBrandName":"곰표","itemPrice":1790,"buyCount":8171,"reviewPoint":{"starPoint":4.76,"reviewCount":2289},"isBigSmileItem":false,"isSoldOut":false,"couponDiscount":{"discountType":"R","discountPrice":"0","discountRate":"15"},"cardDiscount":{"discountRate":0},"sellerInfo":{"sellCustNo":"155104283","sellLoginId":"emartmall2","nickname":"이마트몰쓱배송","isLmoOfficialSeller":false,"isFashionSquareSeller":false,"isBrandOfficialSeller":false},"hasOption":false,"isAdult":false,"isCartVisible":true,"discountRate":0,"sellPrice":1790,"tagLabels":[],"buyUnitCount":1,"deliveryCode":"M","unitPrice":{"unit":100,"unitName":"g","price":179},"rank":54,"lcode":"100000036","mcode":"200002367","scode":"300024614"},{"itemNo":"2518494263","itemName":"곰표 중력 밀가루 2.5kg","itemUrl":"https://item.gmarket.co.kr/Item?goodscode=2518494263","imageUrl":"//gdimg.gmarket.co.kr/2518494263/still/400?ver=1707137480","sdBrandName":"곰표","itemPrice":4290,"buyCount":1127,"reviewPoint":{"starPoint":4.76,"reviewCount":390},"isBigSmileItem":false,"isSoldOut":false,"couponDiscount":{"discountType":"R","discountPrice":"0","discountRate":"15"},"cardDiscount":{"discountRate":0},"sellerInfo":{"sellCustNo":"155104283","sellLoginId":"emartmall2","nickname":"이마트몰쓱배송","isLmoOfficialSeller":false,"isFashionSquareSeller":false,"isBrandOfficialSeller":false},"hasOption":false,"isAdult":false,"isCartVisible":true,"discountRate":0,"sellPrice":4290,"tagLabels":[],"buyUnitCount":1,"deliveryCode":"M","unitPrice":{"unit":100,"unitName":"g","price":172},"rank":55,"lcode":"100000036","mcode":"200002367","scode":"300024614"},{"itemNo":"2518498836","itemName":"오뚜기 부침가루 1kg","itemUrl":"https://item.gmarket.co.kr/Item?goodscode=2518498836","imageUrl":"//gdimg.gmarket.co.kr/2518498836/still/400?ver=1719885980","sdBrandName":"오뚜기","itemPrice":3400,"buyCount":7581,"reviewPoint":{"starPoint":4.78,"reviewCount":2556},"isBigSmileItem":false,"isSoldOut":false,"couponDiscount":{"discountType":"R","discountPrice":"0","discountRate":"15"},"cardDiscount":{"discountRate":0},"sellerInfo":{"sellCustNo":"155104283","sellLoginId":"emartmall2","nickname":"이마트몰쓱배송","isLmoOfficialSeller":false,"isFashionSquareSeller":false,"isBrandOfficialSeller":false},"hasOption":false,"isAdult":false,"isCartVisible":true,"discountRate":0,"sellPrice":3400,"tagLabels":[],"buyUnitCount":1,"deliveryCode":"M","unitPrice":{"unit":100,"unitName":"g","price":340},"rank":56,"lcode":"100000036","mcode":"200002367","scode":"300024615"},{"itemNo":"2518500222","itemName":"오뚜기 튀김가루 1kg","itemUrl":"https://item.gmarket.co.kr/Item?goodscode=2518500222","imageUrl":"//gdimg.gmarket.co.kr/2518500222/still/400?ver=1714121069","sdBrandName":"오뚜기","itemPrice":3400,"buyCount":4252,"reviewPoint":{"starPoint":4.76,"reviewCount":1527},"isBigSmileItem":false,"isSoldOut":false,"couponDiscount":{"discountType":"R","discountPrice":"0","discountRate":"15"},"cardDiscount":{"discountRate":0},"sellerInfo":{"sellCustNo":"155104283","sellLoginId":"emartmall2","nickname":"이마트몰쓱배송","isLmoOfficialSeller":false,"isFashionSquareSeller":false,"isBrandOfficialSeller":false},"hasOption":false,"isAdult":false,"isCartVisible":true,"discountRate":0,"sellPrice":3400,"tagLabels":[],"buyUnitCount":1,"deliveryCode":"M","unitPrice":{"unit":100,"unitName":"g","price":340},"rank":57,"lcode":"100000036","mcode":"200002367","scode":"300024615"},{"itemNo":"2518654814","itemName":"봉평촌 메밀부침가루2호 800g","itemUrl":"https://item.gmarket.co.kr/Item?goodscode=2518654814","imageUrl":"//gdimg.gmarket.co.kr/2518654814/still/400?ver=1725091683","sdBrandName":"봉평촌","itemPrice":6980,"buyCount":228,"reviewPoint":{"starPoint":4.76,"reviewCount":112},"isBigSmileItem":false,"isSoldOut":false,"couponDiscount":{"discountType":"R","discountPrice":"0","discountRate":"15"},"cardDiscount":{"discountRate":0},"sellerInfo":{"sellCustNo":"155104283","sellLoginId":"emartmall2","nickname":"이마트몰쓱배송","isLmoOfficialSeller":false,"isFashionSquareSeller":false,"isBrandOfficialSeller":false},"hasOption":false,"isAdult":false,"isCartVisible":true,"discountRate":0,"sellPrice":6980,"tagLabels":[],"buyUnitCount":1,"deliveryCode":"M","unitPrice":{"unit":100,"unitName":"g","price":873},"rank":58,"lcode":"100000036","mcode":"200002367","scode":"300024615"},{"itemNo":"2518806249","itemName":"쌀가루 1Kg","itemUrl":"https://item.gmarket.co.kr/Item?goodscode=2518806249","imageUrl":"//gdimg.gmarket.co.kr/2518806249/still/400?ver=1725111925","itemPrice":5780,"buyCount":228,"reviewPoint":{"starPoint":4.74,"reviewCount":102},"isBigSmileItem":false,"isSoldOut":false,"couponDiscount":{"discountType":"R","discountPrice":"0","discountRate":"15"},"cardDiscount":{"discountRate":0},"sellerInfo":{"sellCustNo":"155104283","sellLoginId":"emartmall2","nickname":"이마트몰쓱배송","isLmoOfficialSeller":false,"isFashionSquareSeller":false,"isBrandOfficialSeller":false},"hasOption":false,"isAdult":false,"isCartVisible":true,"discountRate":0,"sellPrice":5780,"tagLabels":[],"buyUnitCount":1,"deliveryCode":"M","rank":59,"lcode":"100000036","mcode":"200002367","scode":"300028698"},{"itemNo":"2519017404","itemName":"투썸 밀크티 파우더 320g","itemUrl":"https://item.gmarket.co.kr/Item?goodscode=2519017404","imageUrl":"//gdimg.gmarket.co.kr/2519017404/still/400?ver=1725121470","itemPrice":12800,"buyCount":56,"reviewPoint":{"starPoint":4.7,"reviewCount":10},"isBigSmileItem":false,"isSoldOut":false,"couponDiscount":{"discountType":"R","discountPrice":"0","discountRate":"15"},"cardDiscount":{"discountRate":0},"sellerInfo":{"sellCustNo":"155104283","sellLoginId":"emartmall2","nickname":"이마트몰쓱배송","isLmoOfficialSeller":false,"isFashionSquareSeller":false,"isBrandOfficialSeller":false},"hasOption":false,"isAdult":false,"isCartVisible":true,"discountRate":0,"sellPrice":12800,"tagLabels":[],"buyUnitCount":1,"deliveryCode":"M","rank":60,"lcode":"100000036","mcode":"200002367","scode":"300028698"}]},"additionalItem":{"items":[]},"pagination":{"currentPageNo":1,"pageSize":60,"totalResultCount":77},"sortOption":"Popularity"},"filterState":[],"bigSmileDay":{"isBigSmileDay":true,"bsdTagImageUrl":"//image.gmarket.co.kr/hanbando/202408/a4e449b9-22a7-4df9-aaa4-148d912fcc83.png","bsdTagAltText":"한가위 빅세일","bsdToggleText":"//image.gmarket.co.kr/hanbando/202408/59082f4f-8cf6-4b62-b345-1072bb0c0d3c.gif","bsdToggleBackGround":"//image.gmarket.co.kr/hanbando/202408/7911f573-e13d-4fcc-80de-3c1fbed2bfdb.png","bsdToggleUseSmileIcon":false,"bsdToggleOnAltText":"한가위 빅세일 필터 ","bsdToggleOffAltText":"한가위 빅세일 필터 "},"isSFC":false}},"__N_SSP":true},"page":"/n/smilefresh/category","query":{"categoryCode":"200000104"},"buildId":"FuleE6RJUYphys9RuEDG0","assetPrefix":"/n/smilefresh","isFallback":false,"gssp":true,"customServer":true,"scriptLoader":[]}</script><script>(function(){function c(){var b=a.contentDocument||a.contentWindow.document;if(b){var d=b.createElement('script');d.innerHTML="window.__CF$cv$params={r:'8bea74de587aa7dd',t:'MTcyNTU4MzczOC4wMDAwMDA='};var a=document.createElement('script');a.nonce='';a.src='/cdn-cgi/challenge-platform/scripts/jsd/main.js';document.getElementsByTagName('head')[0].appendChild(a);";b.getElementsByTagName('head')[0].appendChild(d)}}if(document.body){var a=document.createElement('iframe');a.height=1;a.width=1;a.style.position='absolute';a.style.top=0;a.style.left=0;a.style.border='none';a.style.visibility='hidden';document.body.appendChild(a);if('loading'!==document.readyState)c();else if(window.addEventListener)document.addEventListener('DOMContentLoaded',c);else{var e=document.onreadystatechange||function(){};document.onreadystatechange=function(b){e(b);'loading'!==document.readyState&&(document.onreadystatechange=e,c())}}}})();</script></body></html>