<!DOCTYPE html><html lang="ko" class="no-js platform__web os__windows"><head><meta name="viewport" content="width=1260"/><meta charSet="utf-8"/><meta http-equiv="X-UA-Compatible" content="ie=edge"/><meta name="msapplication-starturl" content="https://www.gmarket.co.kr/n/smilefresh"/><meta property="og:site_name" content="Gmarket"/><meta property="og:title" content="[G마켓] 스마일프레시"/><meta property="og:type" content="website"/><meta property="og:image" content="http://pics.gmarket.co.kr/share/G_smilefresh_1.0.png"/><meta http-equiv="x-dns-prefetch-control" content="on"/><link rel="dns-prefetch" href="https://pics.gmarket.co.kr/"/><link rel="dns-prefetch" href="https://script.gmarket.co.kr/"/><link rel="dns-prefetch" href="https://image.gmarket.co.kr/"/><link rel="dns-prefetch" href="https://gdimg.gmarket.co.kr/"/><link rel="dns-prefetch" href="https://ad-img.gmarket.com/"/><meta name="p:domain_verify" content="f439a07b31c110a1a16c9a468a630af9"/><meta property="fb:admins" content="100000991027914"/><link rel="apple-touch-icon-precomposed" href="http://image.gmarket.co.kr/Gmarket_Mobile_v2/icon_01.png"/><link rel="shortcut icon" href="https://image.gmarket.co.kr/favicon/gmarket.ico"/><link rel="stylesheet" href="https://script.gmarket.co.kr/pc/css/ko/common.css"/><link rel="stylesheet" href="https://script.gmarket.co.kr/pc/css/common/kr/ui/common.css"/><link rel="stylesheet" href="https://script.gmarket.co.kr/pc/css/common/kr/swiper.min.css"/><link rel="stylesheet" href="https://script.gmarket.co.kr/pc/css/application/kr/smilefresh/app.css"/><link rel="stylesheet" href="https://script.gmarket.co.kr/pc/css/common/kr/ui/desktop_layout.css"/><link rel="preload" as="script" href="https://script.gmarket.co.kr/mobile/js/common/kr/util/viewability.js"/><link rel="preload" as="script" href="https://script.gmarket.co.kr/js/common/ats_gmkt.js"/><link rel="preload" as="script" href="https://script.gmarket.co.kr/fnp/desktop-layout.js"/><style>img[class*=no-js],.swiper-lazy.swiper-lazy-loaded{opacity:1;transition:opacity 0.2s;}img[src^=data],.swiper-lazy{opacity:0;}</style><title>스마일프레시 - 장류/양념/가루/오일</title><meta name="description" content="장류/양념/가루/오일 카테고리 상품입니다."/><meta property="og:description" content="장류/양념/가루/오일 카테고리 상품입니다."/><meta property="og:url" content="https://www.gmarket.co.kr/n/smilefresh/category?categoryCode=100001016"/><link rel="canonical" href="category@categoryCode=100001016.html"/><link rel="alternate" media="only screen and (max-width: 640px)" href="https://m.gmarket.co.kr/n/smilefresh/category?categoryCode=100001016"/><meta name="next-head-count" content="33"/><noscript data-n-css=""></noscript><script defer="" nomodule="" src="_next/static/chunks/polyfills-c67a75d1b6f99dc8.js"></script><script defer="" nomodule="" src="_next/static/chunks/polyfills-next-pack-2cc6155c435f3c28.js"></script><script src="_next/static/chunks/webpack-d1ca374413357f9c.js" defer=""></script><script src="_next/static/chunks/framework-0bff4c72fef67389.js" defer=""></script><script src="_next/static/chunks/main-92a66ce9cd5c1b79.js" defer=""></script><script src="_next/static/chunks/pages/_app-e41d5dd9fd26cf09.js" defer=""></script><script src="_next/static/chunks/94a7ad86-beff1d5f4916f37c.js" defer=""></script><script src="_next/static/chunks/c30a072d-b284a345e70d4a79.js" defer=""></script><script src="_next/static/chunks/971-4b1e901bc43526de.js" defer=""></script><script src="_next/static/chunks/765-5e6e5dea54f3191b.js" defer=""></script><script src="_next/static/chunks/186-c103d92344bdb142.js" defer=""></script><script src="_next/static/chunks/29-aeaaef68278b881e.js" defer=""></script><script src="_next/static/chunks/401-32b649bde914004a.js" defer=""></script><script src="_next/static/chunks/233-03ce063c0eec1686.js" defer=""></script><script src="_next/static/chunks/37-724e4d76d42b66f8.js" defer=""></script><script src="_next/static/chunks/pages/n/smilefresh/category-17d9bb5cee77eadc.js" defer=""></script><script src="_next/static/FuleE6RJUYphys9RuEDG0/_buildManifest.js" defer=""></script><script src="_next/static/FuleE6RJUYphys9RuEDG0/_ssgManifest.js" defer=""></script></head><body class="smilefresh"><script>document.documentElement.className = document.documentElement.className.replace('no-js', 'js');</script><noscript><iframe src="https://www.googletagmanager.com/ns.html?id=GTM-MFMM9GV" height="0" width="0" style="display:none;visibility:hidden" title="smilefresh"></iframe></noscript><div id="__next" data-reactroot=""><div id="skip-navigation" class="skip-navigation-simpleheader"><strong class="for-a11y">스킵 네비게이션</strong><ul><li><a href="category@categoryCode=100001016.html#skip-navigation-search">검색창 바로가기</a></li><li><a href="category@categoryCode=100001016.html#button__category-all">전체카테고리 바로가기</a></li><li><a href="category@categoryCode=100001016.html#container">본문 바로가기</a></li></ul></div><div style="min-height:40px"></div><h2 class="for-a11y">스마일프레시 검색창</h2><div id="smile_gnb" class="smilefresh_gnb" role="complementary" style="position:relative;top:0;z-index:400"><div class="gnb_container"><div class="layout_left"><div id="_smilelnb" class="corenavi navi_allmenu"><button type="button" class="navi_opener" aria-label="스마일프레시 카테고리 메뉴" aria-expanded="false" aria-controls="smiledelivery_category_list"><p class="for-a11y">전체메뉴</p><em class="ico_hambugermenu"><span class="line1"></span><span class="line2"></span><span class="line3"></span></em></button></div><h1><a title="스마일프레시" href="../smilefresh.html"><img src="https://pics.gmarket.co.kr/pc/single/kr/smilefresh/logo_smilefresh.png" height="32" alt="스마일프레시"/></a></h1><div class="smile_search"><form method="get" action="https://www.gmarket.co.kr/n/smilefresh/search"><div class="search_box"><input type="text" class="search_input_keyword" name="keyword" title="검색어입력" aria-label="스마일프레시 검색 입력" autoComplete="off" spellcheck="false" autoCorrect="off" autoCapitalize="off" value=""/><input type="submit" value="검색" class="search_btn_ok sp_sd" style="cursor:pointer"/></div><div class="suggestion_search"></div></form></div></div><div class="layout_right"><a href="https://myg.gmarket.co.kr/ContractList/ContractList" class="link__my sp_sd--before">장본내역</a><div class="cart_guage"><a href="https://cart.gmarket.co.kr/ko/cart/smilefresh" class="cart sp_sd"><span class="for-a11y">장바구니</span></a><span class="for-a11y">장바구니에 담긴 상품수</span></div></div></div><div class="box__smilefresh"><div class="box__smilefresh-inner"><ul class="list__tab" aria-label="스마일프레시 메뉴"><li><a class="link__tab" href="../smilefresh.html">홈</a></li><li><a class="link__tab" href="brand.html">브랜드</a></li><li><a class="link__tab" href="best.html">베스트</a></li><li><a class="link__tab" href="sale.html">행사중</a></li><li><a class="link__tab" href="freq-buy.html">자주구매</a></li></ul><a href="guide.html" class="link__guide sprite__smilefresh--after">스마일프레시 알아보기</a></div></div></div><div id="container" role="main"><div class="box__component box__smilefresh-delivery"><div class="box__component-inner"><div class="box__delivery-info login"><span class="sprite__smilefresh--before text__address"><span class="text__state">로그인</span>을 진행해 주세요</span><a class="button__address" href="category@categoryCode=100001016.html">로그인</a></div></div></div><div class="box__smilefresh-content box__smilefresh-category"><div class="box__module-wrap"><div class="box__module-inner"><div class="box__module-title"><h1 class="text__title">장류/양념/가루/오일</h1><span class="text__sub-info" aria-live="polite" aria-atomic="true"><span class="text__deco">1,387개</span>의 상품</span></div><div class="box__indicator"><div class="box__inner"><ul class="list__location"><li class="list-item"><a href="../smilefresh.html" class="link__location">스마일프레시 홈</a></li><li class="list-item" aria-current="location"><span class="link__location">장류/양념/가루/오일</span></li></ul><ul class="list__sort" aria-label="정렬 옵션"><li class="sprite__smilefresh--before list-item js-active"><button class="button__sort" aria-current="true">판매인기순</button></li><li class="sprite__smilefresh--before list-item"><button class="button__sort" aria-current="false">낮은가격순</button></li><li class="sprite__smilefresh--before list-item"><button class="button__sort" aria-current="false">높은가격순</button></li></ul></div></div></div></div><div class="box__smilefresh-inner"><div class="wrap__filter"><ul class="list__filter"><li class="wrap__filter-item category active"><button type="button" class="sprite__smilefresh--after button__filter-title" aria-expanded="true"><span class="text__filter-title">카테고리</span></button><div class="wrap__filter-item-content" aria-hidden="false"><ul aria-label="1단계"><li class="button__goto-category single active"><label for="category-root-1" class="text__item-name" role="button" tabindex="0" aria-current="true">장류/양념/가루/오일</label><input type="radio" id="category-root-1" name="c" value="100001016" checked=""/></li></ul><ul class="list__items" aria-label="2단계"><li class="item"><label for="category-depth1-1" class="text__item-name" role="button" tabindex="0" aria-current="false">장류/양념</label><input type="radio" id="category-depth1-1" name="c" value="200000098"/></li><li class="item"><label for="category-depth1-2" class="text__item-name" role="button" tabindex="0" aria-current="false">파스타소스/페스토</label><input type="radio" id="category-depth1-2" name="c" value="200000099"/></li><li class="item"><label for="category-depth1-3" class="text__item-name" role="button" tabindex="0" aria-current="false">케찹/마요네즈/소스</label><input type="radio" id="category-depth1-3" name="c" value="200000100"/></li><li class="item"><label for="category-depth1-4" class="text__item-name" role="button" tabindex="0" aria-current="false">돈까스/스테이크소스</label><input type="radio" id="category-depth1-4" name="c" value="200000101"/></li><li class="item"><label for="category-depth1-5" class="text__item-name" role="button" tabindex="0" aria-current="false">샐러드 드레싱</label><input type="radio" id="category-depth1-5" name="c" value="200000103"/></li><li class="item"><label for="category-depth1-6" class="text__item-name" role="button" tabindex="0" aria-current="false">밀가루/분말류</label><input type="radio" id="category-depth1-6" name="c" value="200000104"/></li><li class="item"><label for="category-depth1-7" class="text__item-name" role="button" tabindex="0" aria-current="false">소금/설탕/후추/향신료</label><input type="radio" id="category-depth1-7" name="c" value="200000105"/></li><li class="item"><label for="category-depth1-8" class="text__item-name" role="button" tabindex="0" aria-current="false">조미료/액젓/물엿/식초</label><input type="radio" id="category-depth1-8" name="c" value="200000106"/></li><li class="item"><label for="category-depth1-9" class="text__item-name" role="button" tabindex="0" aria-current="false">식용유/참기름/오일류</label><input type="radio" id="category-depth1-9" name="c" value="200000107"/></li><li class="item"><label for="category-depth1-10" class="text__item-name" role="button" tabindex="0" aria-current="false">조미료/오일 선물세트</label><input type="radio" id="category-depth1-10" name="c" value="200000108"/></li><li class="item"><label for="category-depth1-11" class="text__item-name" role="button" tabindex="0" aria-current="false">시럽/제빵믹스/재료</label><input type="radio" id="category-depth1-11" name="c" value="200000109"/></li></ul></div></li><li class="wrap__filter-item brand active"><button type="button" class="sprite__smilefresh--after button__filter-title" aria-expanded="true"><span class="text__filter-title">브랜드</span></button><div class="wrap__filter-item-content" aria-hidden="false"><ul class="list__items type-checkbox"><li class="item"><input type="checkbox" id="child-brand-checkbox-1" class="sprite__smilefresh form__checkbox" value="26862" name="b" tabindex="0"/><label for="child-brand-checkbox-1" class="text__checkbox">청정원</label></li><li class="item"><input type="checkbox" id="child-brand-checkbox-2" class="sprite__smilefresh form__checkbox" value="24284" name="b" tabindex="0"/><label for="child-brand-checkbox-2" class="text__checkbox">백설</label></li><li class="item"><input type="checkbox" id="child-brand-checkbox-3" class="sprite__smilefresh form__checkbox" value="27774" name="b" tabindex="0"/><label for="child-brand-checkbox-3" class="text__checkbox">오뚜기</label></li><li class="item"><input type="checkbox" id="child-brand-checkbox-4" class="sprite__smilefresh form__checkbox" value="36211" name="b" tabindex="0"/><label for="child-brand-checkbox-4" class="text__checkbox">샘표</label></li><li class="item"><input type="checkbox" id="child-brand-checkbox-5" class="sprite__smilefresh form__checkbox" value="31170" name="b" tabindex="0"/><label for="child-brand-checkbox-5" class="text__checkbox">노브랜드</label></li><li class="item"><input type="checkbox" id="child-brand-checkbox-6" class="sprite__smilefresh form__checkbox" value="26015" name="b" tabindex="0"/><label for="child-brand-checkbox-6" class="text__checkbox">피코크</label></li><li class="item"><input type="checkbox" id="child-brand-checkbox-7" class="sprite__smilefresh form__checkbox" value="22109" name="b" tabindex="0"/><label for="child-brand-checkbox-7" class="text__checkbox">CJ제일제당</label></li><li class="item"><input type="checkbox" id="child-brand-checkbox-8" class="sprite__smilefresh form__checkbox" value="34761" name="b" tabindex="0"/><label for="child-brand-checkbox-8" class="text__checkbox">풀무원</label></li><li class="item"><input type="checkbox" id="child-brand-checkbox-9" class="sprite__smilefresh form__checkbox" value="20698" name="b" tabindex="0"/><label for="child-brand-checkbox-9" class="text__checkbox">폰타나</label></li><li class="item"><input type="checkbox" id="child-brand-checkbox-10" class="sprite__smilefresh form__checkbox" value="94435" name="b" tabindex="0"/><label for="child-brand-checkbox-10" class="text__checkbox">미식관</label></li></ul><button type="button" class="button__show-more-list" aria-expanded="false" tabindex="0"><span class="text__show-more-list">더보기</span></button></div></li><li class="wrap__filter-item price active"><button type="button" class="sprite__smilefresh--after button__filter-title" aria-expanded="true"><span class="text__filter-title">가격대</span></button><div class="wrap__filter-item-content" aria-hidden="false"><div class="wrap__set-price"><div class="input__min-price"><label for="price-input-min" class="for-a11y">최저가격을 입력해 주세요.</label><input type="text" id="price-input-min" name="minPrice" class="input__set-price" min="0" inputMode="search" pattern="[0-9]*" autoComplete="off" tabindex="0"/><span class="text__price-unit">원</span></div><span class="text__description">~</span><div class="input__max-price"><label for="price-input-max" class="for-a11y">최고가격을 입력해 주세요.</label><input type="text" id="price-input-max" name="maxPrice" class="input__set-price" min="0" inputMode="search" pattern="[0-9]*" autoComplete="off" tabindex="0"/><span class="text__price-unit">원</span></div><button type="button" class="sprite__smilefresh--before button__set-price-range" tabindex="0"><span class="for-a11y">가격대 설정</span></button></div></div></li><li class="wrap__filter-item research active"><button type="button" class="sprite__smilefresh--after button__filter-title" aria-expanded="true"><span class="text__filter-title">결과 내 재검색</span></button><div class="wrap__filter-item-content" aria-hidden="false"><div class="wrap__research"><div class="input__test"><label for="filter_search" class="for-a11y">키워드를 입력해 주세요.</label><input type="search" id="filter_search" name="keyword" class="input__set-price" inputMode="search" autoComplete="off" tabindex="0"/></div><button type="button" class="sprite__smilefresh--before button__research" tabindex="0"><span class="for-a11y">검색하기</span></button></div></div></li></ul></div><div class="box__content-area"><div class="box__divider"><div class="box__itemcard"><div class="box__items-list"><ul class="list__itemcard-slide"><li class="list-item"><div class="box__itemcard-container"><div class="box__itemcard-body"><div class="box__itemcard-inner"><span class="box__thumbnail__label">2개 사면 할인</span><a class="link__itemcard" href="https://item.gmarket.co.kr/Item?goodscode=2518442470" tabindex="-1" aria-hidden="true"><span class="box__itemcard-img"><img class="image__itemcard no-js-400?ver=1725092658" src="data:image/gif;base64,R0lGODlhAQABAIAAAP///wAAACH5BAEAAAAALAAAAAABAAEAAAICRAEAOw==" alt="CJ 다담 순두부 찌개양념 140g - 상품 이미지"/><noscript><style>.no-js-400?ver=1725092658 { display: none !important; }</style><img class="image__itemcard" src="https://gdimg.gmarket.co.kr/2518442470/still/400?ver=1725092658" alt="CJ 다담 순두부 찌개양념 140g - 상품 이미지"/></noscript></span></a><div class="box__itemcard-info"><div class="box__element-info"><div class="element-info-qty"><button aria-describedby="itemCard_title_2518442470" class="sprite__smilefresh--before element-info-qty-minus" aria-disabled="true"><span class="for-a11y">상품 수 <!-- -->1<!-- --> 감소</span></button><span class="element-info-item-qty" aria-describedby="itemCard_title_2518442470"><span class="for-a11y">선택된 수량</span> <!-- -->1</span><button aria-describedby="itemCard_title_2518442470" class="sprite__smilefresh--before element-info-qty-plus"><span class="for-a11y">상품 수 <!-- -->1<!-- --> 증가</span></button></div><button type="button" class="sprite__smilefresh--before element-info-cart" aria-describedby="itemCard_title_2518442470"><span class="for-a11y">장바구니 담기</span></button></div><a href="https://item.gmarket.co.kr/Item?goodscode=2518442470" class="link__itemcard-info"><span class="box__itemcard-title-area" id="itemCard_title_2518442470"><span class="text__brand"><span class="text">백설</span></span><span class="text__title" id="item_title">CJ 다담 순두부 찌개양념 140g</span></span><span class="box__itemcard-price-area"><span class="box__price-seller"><span class="for-a11y">판매가</span><strong class="text__price-seller">2,380</strong><span class="text__unit">원</span></span><span class="box__prime-cost"><span class="for-a11y">원가</span><span class="text__unit-cost">(<!-- -->100g당 1,700원<!-- -->)</span></span></span><span class="box__itemcard-info-score"><span class="sprite__smilefresh--before box__score-awards"><span class="for-a11y">평점</span><span class="text text__score">4.8</span><span class="for-a11y">후기</span><span class="text text__num">(3,231)</span><span class="for-a11y">건</span></span><span class="box__score-buycnt"><span class="text text__buy">구매</span><span class="text text__num">17,210</span><span class="for-a11y">건</span></span></span><span class="box__itemcard-benefit-tag"><span class="box__tag box__tag-coupon"><span class="sprite__smilefresh--before box__inner">15% 쿠폰</span></span></span></a><button type="button" class="sprite__smilefresh--after button__favorite-item" aria-describedby="itemCard_title_2518442470" aria-pressed="false" aria-label="관심상품 등록하기"></button></div></div></div></div></li><li class="list-item"><div class="box__itemcard-container"><div class="box__itemcard-body"><div class="box__itemcard-inner"><a class="link__itemcard" href="https://item.gmarket.co.kr/Item?goodscode=2518506569" tabindex="-1" aria-hidden="true"><span class="box__itemcard-img"><img class="image__itemcard no-js-400?ver=1725088014" src="data:image/gif;base64,R0lGODlhAQABAIAAAP///wAAACH5BAEAAAAALAAAAAABAAEAAAICRAEAOw==" alt="백설 올리브오일900ml - 상품 이미지"/><noscript><style>.no-js-400?ver=1725088014 { display: none !important; }</style><img class="image__itemcard" src="https://gdimg.gmarket.co.kr/2518506569/still/400?ver=1725088014" alt="백설 올리브오일900ml - 상품 이미지"/></noscript></span></a><div class="box__itemcard-info"><div class="box__element-info"><div class="element-info-qty"><button aria-describedby="itemCard_title_2518506569" class="sprite__smilefresh--before element-info-qty-minus" aria-disabled="true"><span class="for-a11y">상품 수 <!-- -->1<!-- --> 감소</span></button><span class="element-info-item-qty" aria-describedby="itemCard_title_2518506569"><span class="for-a11y">선택된 수량</span> <!-- -->1</span><button aria-describedby="itemCard_title_2518506569" class="sprite__smilefresh--before element-info-qty-plus"><span class="for-a11y">상품 수 <!-- -->1<!-- --> 증가</span></button></div><button type="button" class="sprite__smilefresh--before element-info-cart" aria-describedby="itemCard_title_2518506569"><span class="for-a11y">장바구니 담기</span></button></div><a href="https://item.gmarket.co.kr/Item?goodscode=2518506569" class="link__itemcard-info"><span class="box__itemcard-title-area" id="itemCard_title_2518506569"><span class="text__brand"><span class="text">백설</span></span><span class="text__title" id="item_title">백설 올리브오일900ml</span></span><span class="box__itemcard-price-area"><span class="box__price-seller"><span class="for-a11y">판매가</span><strong class="text__price-seller">19,800</strong><span class="text__unit">원</span></span><span class="box__prime-cost"><span class="for-a11y">원가</span><span class="text__unit-cost">(<!-- -->100mL당 2,200원<!-- -->)</span></span></span><span class="box__itemcard-info-score"><span class="sprite__smilefresh--before box__score-awards"><span class="for-a11y">평점</span><span class="text text__score">4.8</span><span class="for-a11y">후기</span><span class="text text__num">(880)</span><span class="for-a11y">건</span></span><span class="box__score-buycnt"><span class="text text__buy">구매</span><span class="text text__num">3,309</span><span class="for-a11y">건</span></span></span><span class="box__itemcard-benefit-tag"><span class="box__tag box__tag-coupon"><span class="sprite__smilefresh--before box__inner">15% 쿠폰</span></span></span></a><button type="button" class="sprite__smilefresh--after button__favorite-item" aria-describedby="itemCard_title_2518506569" aria-pressed="false" aria-label="관심상품 등록하기"></button></div></div></div></div></li><li class="list-item"><div class="box__itemcard-container"><div class="box__itemcard-body"><div class="box__itemcard-inner"><span class="box__thumbnail__label">2개 사면 할인</span><a class="link__itemcard" href="https://item.gmarket.co.kr/Item?goodscode=2522267557" tabindex="-1" aria-hidden="true"><span class="box__itemcard-img"><img class="image__itemcard no-js-400?ver=1725101489" src="data:image/gif;base64,R0lGODlhAQABAIAAAP///wAAACH5BAEAAAAALAAAAAABAAEAAAICRAEAOw==" alt="백설 프리미엄 굴소스500g - 상품 이미지"/><noscript><style>.no-js-400?ver=1725101489 { display: none !important; }</style><img class="image__itemcard" src="https://gdimg.gmarket.co.kr/2522267557/still/400?ver=1725101489" alt="백설 프리미엄 굴소스500g - 상품 이미지"/></noscript></span></a><div class="box__itemcard-info"><div class="box__element-info"><div class="element-info-qty"><button aria-describedby="itemCard_title_2522267557" class="sprite__smilefresh--before element-info-qty-minus" aria-disabled="true"><span class="for-a11y">상품 수 <!-- -->1<!-- --> 감소</span></button><span class="element-info-item-qty" aria-describedby="itemCard_title_2522267557"><span class="for-a11y">선택된 수량</span> <!-- -->1</span><button aria-describedby="itemCard_title_2522267557" class="sprite__smilefresh--before element-info-qty-plus"><span class="for-a11y">상품 수 <!-- -->1<!-- --> 증가</span></button></div><button type="button" class="sprite__smilefresh--before element-info-cart" aria-describedby="itemCard_title_2522267557"><span class="for-a11y">장바구니 담기</span></button></div><a href="https://item.gmarket.co.kr/Item?goodscode=2522267557" class="link__itemcard-info"><span class="box__itemcard-title-area" id="itemCard_title_2522267557"><span class="text__brand"><span class="text">백설</span></span><span class="text__title" id="item_title">백설 프리미엄 굴소스500g</span></span><span class="box__itemcard-price-area"><span class="box__price-seller"><span class="for-a11y">판매가</span><strong class="text__price-seller">7,680</strong><span class="text__unit">원</span></span><span class="box__prime-cost"><span class="for-a11y">원가</span><span class="text__unit-cost">(<!-- -->100g당 1,536원<!-- -->)</span></span></span><span class="box__itemcard-info-score"><span class="sprite__smilefresh--before box__score-awards"><span class="for-a11y">평점</span><span class="text text__score">4.7</span><span class="for-a11y">후기</span><span class="text text__num">(1,075)</span><span class="for-a11y">건</span></span><span class="box__score-buycnt"><span class="text text__buy">구매</span><span class="text text__num">3,574</span><span class="for-a11y">건</span></span></span><span class="box__itemcard-benefit-tag"><span class="box__tag box__tag-coupon"><span class="sprite__smilefresh--before box__inner">15% 쿠폰</span></span></span></a><button type="button" class="sprite__smilefresh--after button__favorite-item" aria-describedby="itemCard_title_2522267557" aria-pressed="false" aria-label="관심상품 등록하기"></button></div></div></div></div></li><li class="list-item"><div class="box__itemcard-container"><div class="box__itemcard-body"><div class="box__itemcard-inner"><a class="link__itemcard" href="https://item.gmarket.co.kr/Item?goodscode=2522514198" tabindex="-1" aria-hidden="true"><span class="box__itemcard-img"><img class="image__itemcard no-js-400?ver=1725102784" src="data:image/gif;base64,R0lGODlhAQABAIAAAP///wAAACH5BAEAAAAALAAAAAABAAEAAAICRAEAOw==" alt="산루카스아보카도오일 1000ml - 상품 이미지"/><noscript><style>.no-js-400?ver=1725102784 { display: none !important; }</style><img class="image__itemcard" src="https://gdimg.gmarket.co.kr/2522514198/still/400?ver=1725102784" alt="산루카스아보카도오일 1000ml - 상품 이미지"/></noscript></span></a><div class="box__itemcard-info"><div class="box__element-info"><div class="element-info-qty"><button aria-describedby="itemCard_title_2522514198" class="sprite__smilefresh--before element-info-qty-minus" aria-disabled="true"><span class="for-a11y">상품 수 <!-- -->1<!-- --> 감소</span></button><span class="element-info-item-qty" aria-describedby="itemCard_title_2522514198"><span class="for-a11y">선택된 수량</span> <!-- -->1</span><button aria-describedby="itemCard_title_2522514198" class="sprite__smilefresh--before element-info-qty-plus"><span class="for-a11y">상품 수 <!-- -->1<!-- --> 증가</span></button></div><button type="button" class="sprite__smilefresh--before element-info-cart" aria-describedby="itemCard_title_2522514198"><span class="for-a11y">장바구니 담기</span></button></div><a href="https://item.gmarket.co.kr/Item?goodscode=2522514198" class="link__itemcard-info"><span class="box__itemcard-title-area" id="itemCard_title_2522514198"><span class="text__title" id="item_title">산루카스아보카도오일 1000ml</span></span><span class="box__itemcard-price-area"><span class="box__price-seller"><span class="for-a11y">판매가</span><strong class="text__price-seller">24,980</strong><span class="text__unit">원</span></span></span><span class="box__itemcard-info-score"><span class="sprite__smilefresh--before box__score-awards"><span class="for-a11y">평점</span><span class="text text__score">4.8</span><span class="for-a11y">후기</span><span class="text text__num">(939)</span><span class="for-a11y">건</span></span><span class="box__score-buycnt"><span class="text text__buy">구매</span><span class="text text__num">3,681</span><span class="for-a11y">건</span></span></span><span class="box__itemcard-benefit-tag"><span class="box__tag box__tag-coupon"><span class="sprite__smilefresh--before box__inner">15% 쿠폰</span></span></span></a><button type="button" class="sprite__smilefresh--after button__favorite-item" aria-describedby="itemCard_title_2522514198" aria-pressed="false" aria-label="관심상품 등록하기"></button></div></div></div></div></li><li class="list-item"><div class="box__itemcard-container"><div class="box__itemcard-body"><div class="box__itemcard-inner"><span class="box__thumbnail__label">2개 사면 할인</span><a class="link__itemcard" href="https://item.gmarket.co.kr/Item?goodscode=3175864982" tabindex="-1" aria-hidden="true"><span class="box__itemcard-img"><img class="image__itemcard no-js-400?ver=1725134781" src="data:image/gif;base64,R0lGODlhAQABAIAAAP///wAAACH5BAEAAAAALAAAAAABAAEAAAICRAEAOw==" alt="백설 멸치디포리가득 육수에는 1분링 80g - 상품 이미지"/><noscript><style>.no-js-400?ver=1725134781 { display: none !important; }</style><img class="image__itemcard" src="https://gdimg.gmarket.co.kr/3175864982/still/400?ver=1725134781" alt="백설 멸치디포리가득 육수에는 1분링 80g - 상품 이미지"/></noscript></span></a><div class="box__itemcard-info"><div class="box__element-info"><div class="element-info-qty"><button aria-describedby="itemCard_title_3175864982" class="sprite__smilefresh--before element-info-qty-minus" aria-disabled="true"><span class="for-a11y">상품 수 <!-- -->1<!-- --> 감소</span></button><span class="element-info-item-qty" aria-describedby="itemCard_title_3175864982"><span class="for-a11y">선택된 수량</span> <!-- -->1</span><button aria-describedby="itemCard_title_3175864982" class="sprite__smilefresh--before element-info-qty-plus"><span class="for-a11y">상품 수 <!-- -->1<!-- --> 증가</span></button></div><button type="button" class="sprite__smilefresh--before element-info-cart" aria-describedby="itemCard_title_3175864982"><span class="for-a11y">장바구니 담기</span></button></div><a href="https://item.gmarket.co.kr/Item?goodscode=3175864982" class="link__itemcard-info"><span class="box__itemcard-title-area" id="itemCard_title_3175864982"><span class="text__title" id="item_title">백설 멸치디포리가득 육수에는 1분링 80g</span></span><span class="box__itemcard-price-area"><span class="box__price-seller"><span class="for-a11y">판매가</span><strong class="text__price-seller">7,980</strong><span class="text__unit">원</span></span></span><span class="box__itemcard-info-score"><span class="sprite__smilefresh--before box__score-awards"><span class="for-a11y">평점</span><span class="text text__score">4.7</span><span class="for-a11y">후기</span><span class="text text__num">(1,332)</span><span class="for-a11y">건</span></span><span class="box__score-buycnt"><span class="text text__buy">구매</span><span class="text text__num">5,122</span><span class="for-a11y">건</span></span></span><span class="box__itemcard-benefit-tag"><span class="box__tag box__tag-coupon"><span class="sprite__smilefresh--before box__inner">15% 쿠폰</span></span></span></a><button type="button" class="sprite__smilefresh--after button__favorite-item" aria-describedby="itemCard_title_3175864982" aria-pressed="false" aria-label="관심상품 등록하기"></button></div></div></div></div></li><li class="list-item"><div class="box__itemcard-container"><div class="box__itemcard-body"><div class="box__itemcard-inner"><a class="link__itemcard" href="https://item.gmarket.co.kr/Item?goodscode=2518496341" tabindex="-1" aria-hidden="true"><span class="box__itemcard-img"><img class="image__itemcard no-js-400?ver=1725092688" src="data:image/gif;base64,R0lGODlhAQABAIAAAP///wAAACH5BAEAAAAALAAAAAABAAEAAAICRAEAOw==" alt="오뚜기 토마토케찹500g - 상품 이미지"/><noscript><style>.no-js-400?ver=1725092688 { display: none !important; }</style><img class="image__itemcard" src="https://gdimg.gmarket.co.kr/2518496341/still/400?ver=1725092688" alt="오뚜기 토마토케찹500g - 상품 이미지"/></noscript></span></a><div class="box__itemcard-info"><div class="box__element-info"><div class="element-info-qty"><button aria-describedby="itemCard_title_2518496341" class="sprite__smilefresh--before element-info-qty-minus" aria-disabled="true"><span class="for-a11y">상품 수 <!-- -->1<!-- --> 감소</span></button><span class="element-info-item-qty" aria-describedby="itemCard_title_2518496341"><span class="for-a11y">선택된 수량</span> <!-- -->1</span><button aria-describedby="itemCard_title_2518496341" class="sprite__smilefresh--before element-info-qty-plus"><span class="for-a11y">상품 수 <!-- -->1<!-- --> 증가</span></button></div><button type="button" class="sprite__smilefresh--before element-info-cart" aria-describedby="itemCard_title_2518496341"><span class="for-a11y">장바구니 담기</span></button></div><a href="https://item.gmarket.co.kr/Item?goodscode=2518496341" class="link__itemcard-info"><span class="box__itemcard-title-area" id="itemCard_title_2518496341"><span class="text__brand"><span class="text">오뚜기</span></span><span class="text__title" id="item_title">오뚜기 토마토케찹500g</span></span><span class="box__itemcard-price-area"><span class="box__price-seller"><span class="for-a11y">판매가</span><strong class="text__price-seller">3,180</strong><span class="text__unit">원</span></span><span class="box__prime-cost"><span class="for-a11y">원가</span><span class="text__unit-cost">(<!-- -->100g당 636원<!-- -->)</span></span></span><span class="box__itemcard-info-score"><span class="sprite__smilefresh--before box__score-awards"><span class="for-a11y">평점</span><span class="text text__score">4.8</span><span class="for-a11y">후기</span><span class="text text__num">(3,956)</span><span class="for-a11y">건</span></span><span class="box__score-buycnt"><span class="text text__buy">구매</span><span class="text text__num">12,803</span><span class="for-a11y">건</span></span></span><span class="box__itemcard-benefit-tag"><span class="box__tag box__tag-coupon"><span class="sprite__smilefresh--before box__inner">15% 쿠폰</span></span></span></a><button type="button" class="sprite__smilefresh--after button__favorite-item" aria-describedby="itemCard_title_2518496341" aria-pressed="false" aria-label="관심상품 등록하기"></button></div></div></div></div></li><li class="list-item"><div class="box__itemcard-container"><div class="box__itemcard-body"><div class="box__itemcard-inner"><a class="link__itemcard" href="https://item.gmarket.co.kr/Item?goodscode=2518574721" tabindex="-1" aria-hidden="true"><span class="box__itemcard-img"><img class="image__itemcard no-js-400?ver=1725092704" src="data:image/gif;base64,R0lGODlhAQABAIAAAP///wAAACH5BAEAAAAALAAAAAABAAEAAAICRAEAOw==" alt="백설 대두유1.8L - 상품 이미지"/><noscript><style>.no-js-400?ver=1725092704 { display: none !important; }</style><img class="image__itemcard" src="https://gdimg.gmarket.co.kr/2518574721/still/400?ver=1725092704" alt="백설 대두유1.8L - 상품 이미지"/></noscript></span></a><div class="box__itemcard-info"><div class="box__element-info"><div class="element-info-qty"><button aria-describedby="itemCard_title_2518574721" class="sprite__smilefresh--before element-info-qty-minus" aria-disabled="true"><span class="for-a11y">상품 수 <!-- -->1<!-- --> 감소</span></button><span class="element-info-item-qty" aria-describedby="itemCard_title_2518574721"><span class="for-a11y">선택된 수량</span> <!-- -->1</span><button aria-describedby="itemCard_title_2518574721" class="sprite__smilefresh--before element-info-qty-plus"><span class="for-a11y">상품 수 <!-- -->1<!-- --> 증가</span></button></div><button type="button" class="sprite__smilefresh--before element-info-cart" aria-describedby="itemCard_title_2518574721"><span class="for-a11y">장바구니 담기</span></button></div><a href="https://item.gmarket.co.kr/Item?goodscode=2518574721" class="link__itemcard-info"><span class="box__itemcard-title-area" id="itemCard_title_2518574721"><span class="text__brand"><span class="text">백설</span></span><span class="text__title" id="item_title">백설 대두유1.8L</span></span><span class="box__itemcard-price-area"><span class="box__price-seller"><span class="for-a11y">판매가</span><strong class="text__price-seller">6,480</strong><span class="text__unit">원</span></span><span class="box__prime-cost"><span class="for-a11y">원가</span><span class="text__unit-cost">(<!-- -->100mL당 360원<!-- -->)</span></span></span><span class="box__itemcard-info-score"><span class="sprite__smilefresh--before box__score-awards"><span class="for-a11y">평점</span><span class="text text__score">4.8</span><span class="for-a11y">후기</span><span class="text text__num">(2,956)</span><span class="for-a11y">건</span></span><span class="box__score-buycnt"><span class="text text__buy">구매</span><span class="text text__num">10,341</span><span class="for-a11y">건</span></span></span><span class="box__itemcard-benefit-tag"><span class="box__tag box__tag-coupon"><span class="sprite__smilefresh--before box__inner">15% 쿠폰</span></span></span></a><button type="button" class="sprite__smilefresh--after button__favorite-item" aria-describedby="itemCard_title_2518574721" aria-pressed="false" aria-label="관심상품 등록하기"></button></div></div></div></div></li><li class="list-item"><div class="box__itemcard-container"><div class="box__itemcard-body"><div class="box__itemcard-inner"><a class="link__itemcard" href="https://item.gmarket.co.kr/Item?goodscode=3391439233" tabindex="-1" aria-hidden="true"><span class="box__itemcard-img"><img class="image__itemcard no-js-400?ver=1725137542" src="data:image/gif;base64,R0lGODlhAQABAIAAAP///wAAACH5BAEAAAAALAAAAAABAAEAAAICRAEAOw==" alt="백설 고소함가득참기름330ml - 상품 이미지"/><noscript><style>.no-js-400?ver=1725137542 { display: none !important; }</style><img class="image__itemcard" src="https://gdimg.gmarket.co.kr/3391439233/still/400?ver=1725137542" alt="백설 고소함가득참기름330ml - 상품 이미지"/></noscript></span></a><div class="box__itemcard-info"><div class="box__element-info"><div class="element-info-qty"><button aria-describedby="itemCard_title_3391439233" class="sprite__smilefresh--before element-info-qty-minus" aria-disabled="true"><span class="for-a11y">상품 수 <!-- -->1<!-- --> 감소</span></button><span class="element-info-item-qty" aria-describedby="itemCard_title_3391439233"><span class="for-a11y">선택된 수량</span> <!-- -->1</span><button aria-describedby="itemCard_title_3391439233" class="sprite__smilefresh--before element-info-qty-plus"><span class="for-a11y">상품 수 <!-- -->1<!-- --> 증가</span></button></div><button type="button" class="sprite__smilefresh--before element-info-cart" aria-describedby="itemCard_title_3391439233"><span class="for-a11y">장바구니 담기</span></button></div><a href="https://item.gmarket.co.kr/Item?goodscode=3391439233" class="link__itemcard-info"><span class="box__itemcard-title-area" id="itemCard_title_3391439233"><span class="text__brand"><span class="text">백설</span></span><span class="text__title" id="item_title">백설 고소함가득참기름330ml</span></span><span class="box__itemcard-price-area"><span class="box__price-seller"><span class="for-a11y">판매가</span><strong class="text__price-seller">5,480</strong><span class="text__unit">원</span></span><span class="box__prime-cost"><span class="for-a11y">원가</span><span class="text__unit-cost">(<!-- -->10mL당 166원<!-- -->)</span></span></span><span class="box__itemcard-info-score"><span class="sprite__smilefresh--before box__score-awards"><span class="for-a11y">평점</span><span class="text text__score">4.7</span><span class="for-a11y">후기</span><span class="text text__num">(925)</span><span class="for-a11y">건</span></span><span class="box__score-buycnt"><span class="text text__buy">구매</span><span class="text text__num">2,754</span><span class="for-a11y">건</span></span></span><span class="box__itemcard-benefit-tag"><span class="box__tag box__tag-coupon"><span class="sprite__smilefresh--before box__inner">15% 쿠폰</span></span></span></a><button type="button" class="sprite__smilefresh--after button__favorite-item" aria-describedby="itemCard_title_3391439233" aria-pressed="false" aria-label="관심상품 등록하기"></button></div></div></div></div></li><li class="list-item"><div class="box__itemcard-container"><div class="box__itemcard-body"><div class="box__itemcard-inner"><span class="box__thumbnail__label">전단상품</span><a class="link__itemcard" href="https://item.gmarket.co.kr/Item?goodscode=2518358854" tabindex="-1" aria-hidden="true"><span class="box__itemcard-img"><img class="image__itemcard no-js-400?ver=1725088541" src="data:image/gif;base64,R0lGODlhAQABAIAAAP///wAAACH5BAEAAAAALAAAAAABAAEAAAICRAEAOw==" alt="해표 식용유900ml - 상품 이미지"/><noscript><style>.no-js-400?ver=1725088541 { display: none !important; }</style><img class="image__itemcard" src="https://gdimg.gmarket.co.kr/2518358854/still/400?ver=1725088541" alt="해표 식용유900ml - 상품 이미지"/></noscript></span></a><div class="box__itemcard-info"><div class="box__element-info"><div class="element-info-qty"><button aria-describedby="itemCard_title_2518358854" class="sprite__smilefresh--before element-info-qty-minus" aria-disabled="true"><span class="for-a11y">상품 수 <!-- -->1<!-- --> 감소</span></button><span class="element-info-item-qty" aria-describedby="itemCard_title_2518358854"><span class="for-a11y">선택된 수량</span> <!-- -->1</span><button aria-describedby="itemCard_title_2518358854" class="sprite__smilefresh--before element-info-qty-plus"><span class="for-a11y">상품 수 <!-- -->1<!-- --> 증가</span></button></div><button type="button" class="sprite__smilefresh--before element-info-cart" aria-describedby="itemCard_title_2518358854"><span class="for-a11y">장바구니 담기</span></button></div><a href="https://item.gmarket.co.kr/Item?goodscode=2518358854" class="link__itemcard-info"><span class="box__itemcard-title-area" id="itemCard_title_2518358854"><span class="text__brand"><span class="text">사조해표</span></span><span class="text__title" id="item_title">해표 식용유900ml</span></span><span class="box__itemcard-price-area"><span class="box__price-seller"><span class="for-a11y">판매가</span><strong class="text__price-seller">3,980</strong><span class="text__unit">원</span></span><span class="box__prime-cost"><span class="for-a11y">원가</span><span class="text__unit-cost">(<!-- -->100mL당 442원<!-- -->)</span></span></span><span class="box__itemcard-info-score"><span class="sprite__smilefresh--before box__score-awards"><span class="for-a11y">평점</span><span class="text text__score">4.8</span><span class="for-a11y">후기</span><span class="text text__num">(1,882)</span><span class="for-a11y">건</span></span><span class="box__score-buycnt"><span class="text text__buy">구매</span><span class="text text__num">6,047</span><span class="for-a11y">건</span></span></span><span class="box__itemcard-benefit-tag"><span class="box__tag box__tag-coupon"><span class="sprite__smilefresh--before box__inner">15% 쿠폰</span></span></span></a><button type="button" class="sprite__smilefresh--after button__favorite-item" aria-describedby="itemCard_title_2518358854" aria-pressed="false" aria-label="관심상품 등록하기"></button></div></div></div></div></li><li class="list-item"><div class="box__itemcard-container"><div class="box__itemcard-body"><div class="box__itemcard-inner"><a class="link__itemcard" href="https://item.gmarket.co.kr/Item?goodscode=2522278051" tabindex="-1" aria-hidden="true"><span class="box__itemcard-img"><img class="image__itemcard no-js-400?ver=1725101014" src="data:image/gif;base64,R0lGODlhAQABAIAAAP///wAAACH5BAEAAAAALAAAAAABAAEAAAICRAEAOw==" alt="올리비탈 올리브오일 1L(퓨어) - 상품 이미지"/><noscript><style>.no-js-400?ver=1725101014 { display: none !important; }</style><img class="image__itemcard" src="https://gdimg.gmarket.co.kr/2522278051/still/400?ver=1725101014" alt="올리비탈 올리브오일 1L(퓨어) - 상품 이미지"/></noscript></span></a><div class="box__itemcard-info"><div class="box__element-info"><div class="element-info-qty"><button aria-describedby="itemCard_title_2522278051" class="sprite__smilefresh--before element-info-qty-minus" aria-disabled="true"><span class="for-a11y">상품 수 <!-- -->1<!-- --> 감소</span></button><span class="element-info-item-qty" aria-describedby="itemCard_title_2522278051"><span class="for-a11y">선택된 수량</span> <!-- -->1</span><button aria-describedby="itemCard_title_2522278051" class="sprite__smilefresh--before element-info-qty-plus"><span class="for-a11y">상품 수 <!-- -->1<!-- --> 증가</span></button></div><button type="button" class="sprite__smilefresh--before element-info-cart" aria-describedby="itemCard_title_2522278051"><span class="for-a11y">장바구니 담기</span></button></div><a href="https://item.gmarket.co.kr/Item?goodscode=2522278051" class="link__itemcard-info"><span class="box__itemcard-title-area" id="itemCard_title_2522278051"><span class="text__brand"><span class="text">올리비탈</span></span><span class="text__title" id="item_title">올리비탈 올리브오일 1L(퓨어)</span></span><span class="box__itemcard-price-area"><span class="box__price-seller"><span class="for-a11y">판매가</span><strong class="text__price-seller">26,500</strong><span class="text__unit">원</span></span><span class="box__prime-cost"><span class="for-a11y">원가</span><span class="text__unit-cost">(<!-- -->100mL당 2,650원<!-- -->)</span></span></span><span class="box__itemcard-info-score"><span class="sprite__smilefresh--before box__score-awards"><span class="for-a11y">평점</span><span class="text text__score">4.7</span><span class="for-a11y">후기</span><span class="text text__num">(192)</span><span class="for-a11y">건</span></span><span class="box__score-buycnt"><span class="text text__buy">구매</span><span class="text text__num">480</span><span class="for-a11y">건</span></span></span><span class="box__itemcard-benefit-tag"><span class="box__tag box__tag-coupon"><span class="sprite__smilefresh--before box__inner">15% 쿠폰</span></span></span></a><button type="button" class="sprite__smilefresh--after button__favorite-item" aria-describedby="itemCard_title_2522278051" aria-pressed="false" aria-label="관심상품 등록하기"></button></div></div></div></div></li><li class="list-item"><div class="box__itemcard-container"><div class="box__itemcard-body"><div class="box__itemcard-inner"><a class="link__itemcard" href="https://item.gmarket.co.kr/Item?goodscode=2523614161" tabindex="-1" aria-hidden="true"><span class="box__itemcard-img"><img class="image__itemcard no-js-400?ver=1725102072" src="data:image/gif;base64,R0lGODlhAQABAIAAAP///wAAACH5BAEAAAAALAAAAAABAAEAAAICRAEAOw==" alt="노브랜드 정성깃든고추장 1kg - 상품 이미지"/><noscript><style>.no-js-400?ver=1725102072 { display: none !important; }</style><img class="image__itemcard" src="https://gdimg.gmarket.co.kr/2523614161/still/400?ver=1725102072" alt="노브랜드 정성깃든고추장 1kg - 상품 이미지"/></noscript></span></a><div class="box__itemcard-info"><div class="box__element-info"><div class="element-info-qty"><button aria-describedby="itemCard_title_2523614161" class="sprite__smilefresh--before element-info-qty-minus" aria-disabled="true"><span class="for-a11y">상품 수 <!-- -->1<!-- --> 감소</span></button><span class="element-info-item-qty" aria-describedby="itemCard_title_2523614161"><span class="for-a11y">선택된 수량</span> <!-- -->1</span><button aria-describedby="itemCard_title_2523614161" class="sprite__smilefresh--before element-info-qty-plus"><span class="for-a11y">상품 수 <!-- -->1<!-- --> 증가</span></button></div><button type="button" class="sprite__smilefresh--before element-info-cart" aria-describedby="itemCard_title_2523614161"><span class="for-a11y">장바구니 담기</span></button></div><a href="https://item.gmarket.co.kr/Item?goodscode=2523614161" class="link__itemcard-info"><span class="box__itemcard-title-area" id="itemCard_title_2523614161"><span class="text__brand"><span class="text">노브랜드</span></span><span class="text__title" id="item_title">노브랜드 정성깃든고추장 1kg</span></span><span class="box__itemcard-price-area"><span class="box__price-seller"><span class="for-a11y">판매가</span><strong class="text__price-seller">3,980</strong><span class="text__unit">원</span></span><span class="box__prime-cost"><span class="for-a11y">원가</span><span class="text__unit-cost">(<!-- -->100g당 398원<!-- -->)</span></span></span><span class="box__itemcard-info-score"><span class="sprite__smilefresh--before box__score-awards"><span class="for-a11y">평점</span><span class="text text__score">4.8</span><span class="for-a11y">후기</span><span class="text text__num">(5,359)</span><span class="for-a11y">건</span></span><span class="box__score-buycnt"><span class="text text__buy">구매</span><span class="text text__num">12,903</span><span class="for-a11y">건</span></span></span></a><button type="button" class="sprite__smilefresh--after button__favorite-item" aria-describedby="itemCard_title_2523614161" aria-pressed="false" aria-label="관심상품 등록하기"></button></div></div></div></div></li><li class="list-item"><div class="box__itemcard-container"><div class="box__itemcard-body"><div class="box__itemcard-inner"><a class="link__itemcard" href="https://item.gmarket.co.kr/Item?goodscode=2523610809" tabindex="-1" aria-hidden="true"><span class="box__itemcard-img"><img class="image__itemcard no-js-400?ver=1725102552" src="data:image/gif;base64,R0lGODlhAQABAIAAAP///wAAACH5BAEAAAAALAAAAAABAAEAAAICRAEAOw==" alt="노브랜드 정성깃든쌈장 500g - 상품 이미지"/><noscript><style>.no-js-400?ver=1725102552 { display: none !important; }</style><img class="image__itemcard" src="https://gdimg.gmarket.co.kr/2523610809/still/400?ver=1725102552" alt="노브랜드 정성깃든쌈장 500g - 상품 이미지"/></noscript></span></a><div class="box__itemcard-info"><div class="box__element-info"><div class="element-info-qty"><button aria-describedby="itemCard_title_2523610809" class="sprite__smilefresh--before element-info-qty-minus" aria-disabled="true"><span class="for-a11y">상품 수 <!-- -->1<!-- --> 감소</span></button><span class="element-info-item-qty" aria-describedby="itemCard_title_2523610809"><span class="for-a11y">선택된 수량</span> <!-- -->1</span><button aria-describedby="itemCard_title_2523610809" class="sprite__smilefresh--before element-info-qty-plus"><span class="for-a11y">상품 수 <!-- -->1<!-- --> 증가</span></button></div><button type="button" class="sprite__smilefresh--before element-info-cart" aria-describedby="itemCard_title_2523610809"><span class="for-a11y">장바구니 담기</span></button></div><a href="https://item.gmarket.co.kr/Item?goodscode=2523610809" class="link__itemcard-info"><span class="box__itemcard-title-area" id="itemCard_title_2523610809"><span class="text__brand"><span class="text">노브랜드</span></span><span class="text__title" id="item_title">노브랜드 정성깃든쌈장 500g</span></span><span class="box__itemcard-price-area"><span class="box__price-seller"><span class="for-a11y">판매가</span><strong class="text__price-seller">1,980</strong><span class="text__unit">원</span></span><span class="box__prime-cost"><span class="for-a11y">원가</span><span class="text__unit-cost">(<!-- -->100g당 396원<!-- -->)</span></span></span><span class="box__itemcard-info-score"><span class="sprite__smilefresh--before box__score-awards"><span class="for-a11y">평점</span><span class="text text__score">4.8</span><span class="for-a11y">후기</span><span class="text text__num">(8,194)</span><span class="for-a11y">건</span></span><span class="box__score-buycnt"><span class="text text__buy">구매</span><span class="text text__num">20,369</span><span class="for-a11y">건</span></span></span></a><button type="button" class="sprite__smilefresh--after button__favorite-item" aria-describedby="itemCard_title_2523610809" aria-pressed="false" aria-label="관심상품 등록하기"></button></div></div></div></div></li><li class="list-item"><div class="box__itemcard-container"><div class="box__itemcard-body"><div class="box__itemcard-inner"><a class="link__itemcard" href="https://item.gmarket.co.kr/Item?goodscode=2523423393" tabindex="-1" aria-hidden="true"><span class="box__itemcard-img"><img class="image__itemcard no-js-400?ver=1725100385" src="data:image/gif;base64,R0lGODlhAQABAIAAAP///wAAACH5BAEAAAAALAAAAAABAAEAAAICRAEAOw==" alt="노브랜드 홈스타일 크림 스파게티 소스 400g - 상품 이미지"/><noscript><style>.no-js-400?ver=1725100385 { display: none !important; }</style><img class="image__itemcard" src="https://gdimg.gmarket.co.kr/2523423393/still/400?ver=1725100385" alt="노브랜드 홈스타일 크림 스파게티 소스 400g - 상품 이미지"/></noscript></span></a><div class="box__itemcard-info"><div class="box__element-info"><div class="element-info-qty"><button aria-describedby="itemCard_title_2523423393" class="sprite__smilefresh--before element-info-qty-minus" aria-disabled="true"><span class="for-a11y">상품 수 <!-- -->1<!-- --> 감소</span></button><span class="element-info-item-qty" aria-describedby="itemCard_title_2523423393"><span class="for-a11y">선택된 수량</span> <!-- -->1</span><button aria-describedby="itemCard_title_2523423393" class="sprite__smilefresh--before element-info-qty-plus"><span class="for-a11y">상품 수 <!-- -->1<!-- --> 증가</span></button></div><button type="button" class="sprite__smilefresh--before element-info-cart" aria-describedby="itemCard_title_2523423393"><span class="for-a11y">장바구니 담기</span></button></div><a href="https://item.gmarket.co.kr/Item?goodscode=2523423393" class="link__itemcard-info"><span class="box__itemcard-title-area" id="itemCard_title_2523423393"><span class="text__brand"><span class="text">노브랜드</span></span><span class="text__title" id="item_title">노브랜드 홈스타일 크림 스파게티 소스 400g</span></span><span class="box__itemcard-price-area"><span class="box__price-seller"><span class="for-a11y">판매가</span><strong class="text__price-seller">2,280</strong><span class="text__unit">원</span></span><span class="box__prime-cost"><span class="for-a11y">원가</span><span class="text__unit-cost">(<!-- -->100g당 570원<!-- -->)</span></span></span><span class="box__itemcard-info-score"><span class="sprite__smilefresh--before box__score-awards"><span class="for-a11y">평점</span><span class="text text__score">4.8</span><span class="for-a11y">후기</span><span class="text text__num">(4,643)</span><span class="for-a11y">건</span></span><span class="box__score-buycnt"><span class="text text__buy">구매</span><span class="text text__num">17,442</span><span class="for-a11y">건</span></span></span></a><button type="button" class="sprite__smilefresh--after button__favorite-item" aria-describedby="itemCard_title_2523423393" aria-pressed="false" aria-label="관심상품 등록하기"></button></div></div></div></div></li><li class="list-item"><div class="box__itemcard-container"><div class="box__itemcard-body"><div class="box__itemcard-inner"><a class="link__itemcard" href="https://item.gmarket.co.kr/Item?goodscode=2782031920" tabindex="-1" aria-hidden="true"><span class="box__itemcard-img"><img class="image__itemcard no-js-400?ver=1725091371" src="data:image/gif;base64,R0lGODlhAQABAIAAAP///wAAACH5BAEAAAAALAAAAAABAAEAAAICRAEAOw==" alt="모니니 클라시코 엑스트라버진 올리브유1L - 상품 이미지"/><noscript><style>.no-js-400?ver=1725091371 { display: none !important; }</style><img class="image__itemcard" src="https://gdimg.gmarket.co.kr/2782031920/still/400?ver=1725091371" alt="모니니 클라시코 엑스트라버진 올리브유1L - 상품 이미지"/></noscript></span></a><div class="box__itemcard-info"><div class="box__element-info"><div class="element-info-qty"><button aria-describedby="itemCard_title_2782031920" class="sprite__smilefresh--before element-info-qty-minus" aria-disabled="true"><span class="for-a11y">상품 수 <!-- -->1<!-- --> 감소</span></button><span class="element-info-item-qty" aria-describedby="itemCard_title_2782031920"><span class="for-a11y">선택된 수량</span> <!-- -->1</span><button aria-describedby="itemCard_title_2782031920" class="sprite__smilefresh--before element-info-qty-plus"><span class="for-a11y">상품 수 <!-- -->1<!-- --> 증가</span></button></div><button type="button" class="sprite__smilefresh--before element-info-cart" aria-describedby="itemCard_title_2782031920"><span class="for-a11y">장바구니 담기</span></button></div><a href="https://item.gmarket.co.kr/Item?goodscode=2782031920" class="link__itemcard-info"><span class="box__itemcard-title-area" id="itemCard_title_2782031920"><span class="text__brand"><span class="text">모니니</span></span><span class="text__title" id="item_title">모니니 클라시코 엑스트라버진 올리브유1L</span></span><span class="box__itemcard-price-area"><span class="box__price-seller"><span class="for-a11y">판매가</span><strong class="text__price-seller">32,980</strong><span class="text__unit">원</span></span><span class="box__prime-cost"><span class="for-a11y">원가</span><span class="text__unit-cost">(<!-- -->100mL당 3,298원<!-- -->)</span></span></span><span class="box__itemcard-info-score"><span class="sprite__smilefresh--before box__score-awards"><span class="for-a11y">평점</span><span class="text text__score">4.8</span><span class="for-a11y">후기</span><span class="text text__num">(330)</span><span class="for-a11y">건</span></span><span class="box__score-buycnt"><span class="text text__buy">구매</span><span class="text text__num">900</span><span class="for-a11y">건</span></span></span><span class="box__itemcard-benefit-tag"><span class="box__tag box__tag-coupon"><span class="sprite__smilefresh--before box__inner">15% 쿠폰</span></span></span></a><button type="button" class="sprite__smilefresh--after button__favorite-item" aria-describedby="itemCard_title_2782031920" aria-pressed="false" aria-label="관심상품 등록하기"></button></div></div></div></div></li><li class="list-item"><div class="box__itemcard-container"><div class="box__itemcard-body"><div class="box__itemcard-inner"><span class="box__thumbnail__label">전단상품</span><a class="link__itemcard" href="https://item.gmarket.co.kr/Item?goodscode=2518496817" tabindex="-1" aria-hidden="true"><span class="box__itemcard-img"><img class="image__itemcard no-js-400?ver=1725092706" src="data:image/gif;base64,R0lGODlhAQABAIAAAP///wAAACH5BAEAAAAALAAAAAABAAEAAAICRAEAOw==" alt="백설  하얀설탕 (1kg) - 상품 이미지"/><noscript><style>.no-js-400?ver=1725092706 { display: none !important; }</style><img class="image__itemcard" src="https://gdimg.gmarket.co.kr/2518496817/still/400?ver=1725092706" alt="백설  하얀설탕 (1kg) - 상품 이미지"/></noscript></span></a><div class="box__itemcard-info"><div class="box__element-info"><div class="element-info-qty"><button aria-describedby="itemCard_title_2518496817" class="sprite__smilefresh--before element-info-qty-minus" aria-disabled="true"><span class="for-a11y">상품 수 <!-- -->1<!-- --> 감소</span></button><span class="element-info-item-qty" aria-describedby="itemCard_title_2518496817"><span class="for-a11y">선택된 수량</span> <!-- -->1</span><button aria-describedby="itemCard_title_2518496817" class="sprite__smilefresh--before element-info-qty-plus"><span class="for-a11y">상품 수 <!-- -->1<!-- --> 증가</span></button></div><button type="button" class="sprite__smilefresh--before element-info-cart" aria-describedby="itemCard_title_2518496817"><span class="for-a11y">장바구니 담기</span></button></div><a href="https://item.gmarket.co.kr/Item?goodscode=2518496817" class="link__itemcard-info"><span class="box__itemcard-title-area" id="itemCard_title_2518496817"><span class="text__brand"><span class="text">백설</span></span><span class="text__title" id="item_title">백설  하얀설탕 (1kg)</span></span><span class="box__itemcard-price-area"><span class="box__price-seller"><span class="for-a11y">판매가</span><strong class="text__price-seller">2,330</strong><span class="text__unit">원</span></span><span class="box__prime-cost"><span class="for-a11y">원가</span><span class="text__unit-cost">(<!-- -->100g당 233원<!-- -->)</span></span></span><span class="box__itemcard-info-score"><span class="sprite__smilefresh--before box__score-awards"><span class="for-a11y">평점</span><span class="text text__score">4.8</span><span class="for-a11y">후기</span><span class="text text__num">(3,546)</span><span class="for-a11y">건</span></span><span class="box__score-buycnt"><span class="text text__buy">구매</span><span class="text text__num">12,954</span><span class="for-a11y">건</span></span></span><span class="box__itemcard-benefit-tag"><span class="box__tag box__tag-coupon"><span class="sprite__smilefresh--before box__inner">15% 쿠폰</span></span></span></a><button type="button" class="sprite__smilefresh--after button__favorite-item" aria-describedby="itemCard_title_2518496817" aria-pressed="false" aria-label="관심상품 등록하기"></button></div></div></div></div></li><li class="list-item"><div class="box__itemcard-container"><div class="box__itemcard-body"><div class="box__itemcard-inner"><a class="link__itemcard" href="https://item.gmarket.co.kr/Item?goodscode=3951321519" tabindex="-1" aria-hidden="true"><span class="box__itemcard-img"><img class="image__itemcard no-js-400?ver=1725092694" src="data:image/gif;base64,R0lGODlhAQABAIAAAP///wAAACH5BAEAAAAALAAAAAABAAEAAAICRAEAOw==" alt="오뚜기 부침가루 1kg - 상품 이미지"/><noscript><style>.no-js-400?ver=1725092694 { display: none !important; }</style><img class="image__itemcard" src="https://gdimg.gmarket.co.kr/3951321519/still/400?ver=1725092694" alt="오뚜기 부침가루 1kg - 상품 이미지"/></noscript></span></a><div class="box__itemcard-info"><div class="box__element-info"><div class="element-info-qty"><button aria-describedby="itemCard_title_3951321519" class="sprite__smilefresh--before element-info-qty-minus" aria-disabled="true"><span class="for-a11y">상품 수 <!-- -->1<!-- --> 감소</span></button><span class="element-info-item-qty" aria-describedby="itemCard_title_3951321519"><span class="for-a11y">선택된 수량</span> <!-- -->1</span><button aria-describedby="itemCard_title_3951321519" class="sprite__smilefresh--before element-info-qty-plus"><span class="for-a11y">상품 수 <!-- -->1<!-- --> 증가</span></button></div><button type="button" class="sprite__smilefresh--before element-info-cart" aria-describedby="itemCard_title_3951321519"><span class="for-a11y">장바구니 담기</span></button></div><a href="https://item.gmarket.co.kr/Item?goodscode=3951321519" class="link__itemcard-info"><span class="box__itemcard-title-area" id="itemCard_title_3951321519"><span class="text__brand"><span class="text">오뚜기</span></span><span class="text__title" id="item_title">오뚜기 부침가루 1kg</span></span><span class="box__itemcard-price-area"><span class="box__price-seller"><span class="for-a11y">판매가</span><strong class="text__price-seller">2,980</strong><span class="text__unit">원</span></span><span class="box__prime-cost"><span class="for-a11y">원가</span><span class="text__unit-cost">(<!-- -->100g당 298원<!-- -->)</span></span></span><span class="box__itemcard-info-score"><span class="sprite__smilefresh--before box__score-awards"><span class="for-a11y">평점</span><span class="text text__score">4.8</span><span class="for-a11y">후기</span><span class="text text__num">(112)</span><span class="for-a11y">건</span></span><span class="box__score-buycnt"><span class="text text__buy">구매</span><span class="text text__num">382</span><span class="for-a11y">건</span></span></span><span class="box__itemcard-benefit-tag"><span class="box__tag box__tag-coupon"><span class="sprite__smilefresh--before box__inner">15% 쿠폰</span></span></span></a><button type="button" class="sprite__smilefresh--after button__favorite-item" aria-describedby="itemCard_title_3951321519" aria-pressed="false" aria-label="관심상품 등록하기"></button></div></div></div></div></li><li class="list-item"><div class="box__itemcard-container"><div class="box__itemcard-body"><div class="box__itemcard-inner"><a class="link__itemcard" href="https://item.gmarket.co.kr/Item?goodscode=2518481131" tabindex="-1" aria-hidden="true"><span class="box__itemcard-img"><img class="image__itemcard no-js-400?ver=1725092675" src="data:image/gif;base64,R0lGODlhAQABAIAAAP///wAAACH5BAEAAAAALAAAAAABAAEAAAICRAEAOw==" alt="오뚜기 양조식초 1.8L - 상품 이미지"/><noscript><style>.no-js-400?ver=1725092675 { display: none !important; }</style><img class="image__itemcard" src="https://gdimg.gmarket.co.kr/2518481131/still/400?ver=1725092675" alt="오뚜기 양조식초 1.8L - 상품 이미지"/></noscript></span></a><div class="box__itemcard-info"><div class="box__element-info"><div class="element-info-qty"><button aria-describedby="itemCard_title_2518481131" class="sprite__smilefresh--before element-info-qty-minus" aria-disabled="true"><span class="for-a11y">상품 수 <!-- -->1<!-- --> 감소</span></button><span class="element-info-item-qty" aria-describedby="itemCard_title_2518481131"><span class="for-a11y">선택된 수량</span> <!-- -->1</span><button aria-describedby="itemCard_title_2518481131" class="sprite__smilefresh--before element-info-qty-plus"><span class="for-a11y">상품 수 <!-- -->1<!-- --> 증가</span></button></div><button type="button" class="sprite__smilefresh--before element-info-cart" aria-describedby="itemCard_title_2518481131"><span class="for-a11y">장바구니 담기</span></button></div><a href="https://item.gmarket.co.kr/Item?goodscode=2518481131" class="link__itemcard-info"><span class="box__itemcard-title-area" id="itemCard_title_2518481131"><span class="text__brand"><span class="text">오뚜기</span></span><span class="text__title" id="item_title">오뚜기 양조식초 1.8L</span></span><span class="box__itemcard-price-area"><span class="box__price-seller"><span class="for-a11y">판매가</span><strong class="text__price-seller">2,600</strong><span class="text__unit">원</span></span><span class="box__prime-cost"><span class="for-a11y">원가</span><span class="text__unit-cost">(<!-- -->10mL당 14원<!-- -->)</span></span></span><span class="box__itemcard-info-score"><span class="sprite__smilefresh--before box__score-awards"><span class="for-a11y">평점</span><span class="text text__score">4.8</span><span class="for-a11y">후기</span><span class="text text__num">(5,075)</span><span class="for-a11y">건</span></span><span class="box__score-buycnt"><span class="text text__buy">구매</span><span class="text text__num">17,807</span><span class="for-a11y">건</span></span></span><span class="box__itemcard-benefit-tag"><span class="box__tag box__tag-coupon"><span class="sprite__smilefresh--before box__inner">15% 쿠폰</span></span></span></a><button type="button" class="sprite__smilefresh--after button__favorite-item" aria-describedby="itemCard_title_2518481131" aria-pressed="false" aria-label="관심상품 등록하기"></button></div></div></div></div></li><li class="list-item"><div class="box__itemcard-container"><div class="box__itemcard-body"><div class="box__itemcard-inner"><a class="link__itemcard" href="https://item.gmarket.co.kr/Item?goodscode=2518482826" tabindex="-1" aria-hidden="true"><span class="box__itemcard-img"><img class="image__itemcard no-js-400?ver=1725088528" src="data:image/gif;base64,R0lGODlhAQABAIAAAP///wAAACH5BAEAAAAALAAAAAABAAEAAAICRAEAOw==" alt="CJ 다시다 쇠고기 골드 1kg - 상품 이미지"/><noscript><style>.no-js-400?ver=1725088528 { display: none !important; }</style><img class="image__itemcard" src="https://gdimg.gmarket.co.kr/2518482826/still/400?ver=1725088528" alt="CJ 다시다 쇠고기 골드 1kg - 상품 이미지"/></noscript></span></a><div class="box__itemcard-info"><div class="box__element-info"><div class="element-info-qty"><button aria-describedby="itemCard_title_2518482826" class="sprite__smilefresh--before element-info-qty-minus" aria-disabled="true"><span class="for-a11y">상품 수 <!-- -->1<!-- --> 감소</span></button><span class="element-info-item-qty" aria-describedby="itemCard_title_2518482826"><span class="for-a11y">선택된 수량</span> <!-- -->1</span><button aria-describedby="itemCard_title_2518482826" class="sprite__smilefresh--before element-info-qty-plus"><span class="for-a11y">상품 수 <!-- -->1<!-- --> 증가</span></button></div><button type="button" class="sprite__smilefresh--before element-info-cart" aria-describedby="itemCard_title_2518482826"><span class="for-a11y">장바구니 담기</span></button></div><a href="https://item.gmarket.co.kr/Item?goodscode=2518482826" class="link__itemcard-info"><span class="box__itemcard-title-area" id="itemCard_title_2518482826"><span class="text__brand"><span class="text">다시다</span></span><span class="text__title" id="item_title">CJ 다시다 쇠고기 골드 1kg</span></span><span class="box__itemcard-price-area"><span class="box__price-seller"><span class="for-a11y">판매가</span><strong class="text__price-seller">20,500</strong><span class="text__unit">원</span></span></span><span class="box__itemcard-info-score"><span class="sprite__smilefresh--before box__score-awards"><span class="for-a11y">평점</span><span class="text text__score">4.8</span><span class="for-a11y">후기</span><span class="text text__num">(863)</span><span class="for-a11y">건</span></span><span class="box__score-buycnt"><span class="text text__buy">구매</span><span class="text text__num">2,193</span><span class="for-a11y">건</span></span></span><span class="box__itemcard-benefit-tag"><span class="box__tag box__tag-coupon"><span class="sprite__smilefresh--before box__inner">15% 쿠폰</span></span></span></a><button type="button" class="sprite__smilefresh--after button__favorite-item" aria-describedby="itemCard_title_2518482826" aria-pressed="false" aria-label="관심상품 등록하기"></button></div></div></div></div></li><li class="list-item"><div class="box__itemcard-container"><div class="box__itemcard-body"><div class="box__itemcard-inner"><a class="link__itemcard" href="https://item.gmarket.co.kr/Item?goodscode=2523423133" tabindex="-1" aria-hidden="true"><span class="box__itemcard-img"><img class="image__itemcard no-js-400?ver=1725100126" src="data:image/gif;base64,R0lGODlhAQABAIAAAP///wAAACH5BAEAAAAALAAAAAABAAEAAAICRAEAOw==" alt="노브랜드 홈스타일 토마토 스파게티 소스 400g - 상품 이미지"/><noscript><style>.no-js-400?ver=1725100126 { display: none !important; }</style><img class="image__itemcard" src="https://gdimg.gmarket.co.kr/2523423133/still/400?ver=1725100126" alt="노브랜드 홈스타일 토마토 스파게티 소스 400g - 상품 이미지"/></noscript></span></a><div class="box__itemcard-info"><div class="box__element-info"><div class="element-info-qty"><button aria-describedby="itemCard_title_2523423133" class="sprite__smilefresh--before element-info-qty-minus" aria-disabled="true"><span class="for-a11y">상품 수 <!-- -->1<!-- --> 감소</span></button><span class="element-info-item-qty" aria-describedby="itemCard_title_2523423133"><span class="for-a11y">선택된 수량</span> <!-- -->1</span><button aria-describedby="itemCard_title_2523423133" class="sprite__smilefresh--before element-info-qty-plus"><span class="for-a11y">상품 수 <!-- -->1<!-- --> 증가</span></button></div><button type="button" class="sprite__smilefresh--before element-info-cart" aria-describedby="itemCard_title_2523423133"><span class="for-a11y">장바구니 담기</span></button></div><a href="https://item.gmarket.co.kr/Item?goodscode=2523423133" class="link__itemcard-info"><span class="box__itemcard-title-area" id="itemCard_title_2523423133"><span class="text__brand"><span class="text">노브랜드</span></span><span class="text__title" id="item_title">노브랜드 홈스타일 토마토 스파게티 소스 400g</span></span><span class="box__itemcard-price-area"><span class="box__price-seller"><span class="for-a11y">판매가</span><strong class="text__price-seller">2,180</strong><span class="text__unit">원</span></span><span class="box__prime-cost"><span class="for-a11y">원가</span><span class="text__unit-cost">(<!-- -->100g당 545원<!-- -->)</span></span></span><span class="box__itemcard-info-score"><span class="sprite__smilefresh--before box__score-awards"><span class="for-a11y">평점</span><span class="text text__score">4.8</span><span class="for-a11y">후기</span><span class="text text__num">(4,364)</span><span class="for-a11y">건</span></span><span class="box__score-buycnt"><span class="text text__buy">구매</span><span class="text text__num">16,009</span><span class="for-a11y">건</span></span></span></a><button type="button" class="sprite__smilefresh--after button__favorite-item" aria-describedby="itemCard_title_2523423133" aria-pressed="false" aria-label="관심상품 등록하기"></button></div></div></div></div></li><li class="list-item"><div class="box__itemcard-container"><div class="box__itemcard-body"><div class="box__itemcard-inner"><a class="link__itemcard" href="https://item.gmarket.co.kr/Item?goodscode=2522760830" tabindex="-1" aria-hidden="true"><span class="box__itemcard-img"><img class="image__itemcard no-js-400?ver=1725105280" src="data:image/gif;base64,R0lGODlhAQABAIAAAP///wAAACH5BAEAAAAALAAAAAABAAEAAAICRAEAOw==" alt="풀무원 순생나또 12입 594g - 상품 이미지"/><noscript><style>.no-js-400?ver=1725105280 { display: none !important; }</style><img class="image__itemcard" src="https://gdimg.gmarket.co.kr/2522760830/still/400?ver=1725105280" alt="풀무원 순생나또 12입 594g - 상품 이미지"/></noscript></span></a><div class="box__itemcard-info"><div class="box__element-info"><div class="element-info-qty"><button aria-describedby="itemCard_title_2522760830" class="sprite__smilefresh--before element-info-qty-minus" aria-disabled="true"><span class="for-a11y">상품 수 <!-- -->1<!-- --> 감소</span></button><span class="element-info-item-qty" aria-describedby="itemCard_title_2522760830"><span class="for-a11y">선택된 수량</span> <!-- -->1</span><button aria-describedby="itemCard_title_2522760830" class="sprite__smilefresh--before element-info-qty-plus"><span class="for-a11y">상품 수 <!-- -->1<!-- --> 증가</span></button></div><button type="button" class="sprite__smilefresh--before element-info-cart" aria-describedby="itemCard_title_2522760830"><span class="for-a11y">장바구니 담기</span></button></div><a href="https://item.gmarket.co.kr/Item?goodscode=2522760830" class="link__itemcard-info"><span class="box__itemcard-title-area" id="itemCard_title_2522760830"><span class="text__brand"><span class="text">풀무원</span></span><span class="text__title" id="item_title">풀무원 순생나또 12입 594g</span></span><span class="box__itemcard-price-area"><span class="box__price-seller"><span class="for-a11y">판매가</span><strong class="text__price-seller">10,980</strong><span class="text__unit">원</span></span><span class="box__prime-cost"><span class="for-a11y">원가</span><span class="text__unit-cost">(<!-- -->100g당 1,848원<!-- -->)</span></span></span><span class="box__itemcard-info-score"><span class="sprite__smilefresh--before box__score-awards"><span class="for-a11y">평점</span><span class="text text__score">4.7</span><span class="for-a11y">후기</span><span class="text text__num">(2,384)</span><span class="for-a11y">건</span></span><span class="box__score-buycnt"><span class="text text__buy">구매</span><span class="text text__num">5,919</span><span class="for-a11y">건</span></span></span><span class="box__itemcard-benefit-tag"><span class="box__tag box__tag-coupon"><span class="sprite__smilefresh--before box__inner">15% 쿠폰</span></span></span></a><button type="button" class="sprite__smilefresh--after button__favorite-item" aria-describedby="itemCard_title_2522760830" aria-pressed="false" aria-label="관심상품 등록하기"></button></div></div></div></div></li><li class="list-item"><div class="box__itemcard-container"><div class="box__itemcard-body"><div class="box__itemcard-inner"><a class="link__itemcard" href="https://item.gmarket.co.kr/Item?goodscode=2522480551" tabindex="-1" aria-hidden="true"><span class="box__itemcard-img"><img class="image__itemcard no-js-400?ver=1725101477" src="data:image/gif;base64,R0lGODlhAQABAIAAAP///wAAACH5BAEAAAAALAAAAAABAAEAAAICRAEAOw==" alt="노브랜드 사골육수 500g - 상품 이미지"/><noscript><style>.no-js-400?ver=1725101477 { display: none !important; }</style><img class="image__itemcard" src="https://gdimg.gmarket.co.kr/2522480551/still/400?ver=1725101477" alt="노브랜드 사골육수 500g - 상품 이미지"/></noscript></span></a><div class="box__itemcard-info"><div class="box__element-info"><div class="element-info-qty"><button aria-describedby="itemCard_title_2522480551" class="sprite__smilefresh--before element-info-qty-minus" aria-disabled="true"><span class="for-a11y">상품 수 <!-- -->1<!-- --> 감소</span></button><span class="element-info-item-qty" aria-describedby="itemCard_title_2522480551"><span class="for-a11y">선택된 수량</span> <!-- -->1</span><button aria-describedby="itemCard_title_2522480551" class="sprite__smilefresh--before element-info-qty-plus"><span class="for-a11y">상품 수 <!-- -->1<!-- --> 증가</span></button></div><button type="button" class="sprite__smilefresh--before element-info-cart" aria-describedby="itemCard_title_2522480551"><span class="for-a11y">장바구니 담기</span></button></div><a href="https://item.gmarket.co.kr/Item?goodscode=2522480551" class="link__itemcard-info"><span class="box__itemcard-title-area" id="itemCard_title_2522480551"><span class="text__brand"><span class="text">노브랜드</span></span><span class="text__title" id="item_title">노브랜드 사골육수 500g</span></span><span class="box__itemcard-price-area"><span class="box__price-seller"><span class="for-a11y">판매가</span><strong class="text__price-seller">980</strong><span class="text__unit">원</span></span></span><span class="box__itemcard-info-score"><span class="sprite__smilefresh--before box__score-awards"><span class="for-a11y">평점</span><span class="text text__score">4.8</span><span class="for-a11y">후기</span><span class="text text__num">(6,503)</span><span class="for-a11y">건</span></span><span class="box__score-buycnt"><span class="text text__buy">구매</span><span class="text text__num">54,792</span><span class="for-a11y">건</span></span></span></a><button type="button" class="sprite__smilefresh--after button__favorite-item" aria-describedby="itemCard_title_2522480551" aria-pressed="false" aria-label="관심상품 등록하기"></button></div></div></div></div></li><li class="list-item"><div class="box__itemcard-container"><div class="box__itemcard-body"><div class="box__itemcard-inner"><a class="link__itemcard" href="https://item.gmarket.co.kr/Item?goodscode=2518490168" tabindex="-1" aria-hidden="true"><span class="box__itemcard-img"><img class="image__itemcard no-js-400?ver=1725088227" src="data:image/gif;base64,R0lGODlhAQABAIAAAP///wAAACH5BAEAAAAALAAAAAABAAEAAAICRAEAOw==" alt="해표 포도씨오일900ml - 상품 이미지"/><noscript><style>.no-js-400?ver=1725088227 { display: none !important; }</style><img class="image__itemcard" src="https://gdimg.gmarket.co.kr/2518490168/still/400?ver=1725088227" alt="해표 포도씨오일900ml - 상품 이미지"/></noscript></span></a><div class="box__itemcard-info"><div class="box__element-info"><div class="element-info-qty"><button aria-describedby="itemCard_title_2518490168" class="sprite__smilefresh--before element-info-qty-minus" aria-disabled="true"><span class="for-a11y">상품 수 <!-- -->1<!-- --> 감소</span></button><span class="element-info-item-qty" aria-describedby="itemCard_title_2518490168"><span class="for-a11y">선택된 수량</span> <!-- -->1</span><button aria-describedby="itemCard_title_2518490168" class="sprite__smilefresh--before element-info-qty-plus"><span class="for-a11y">상품 수 <!-- -->1<!-- --> 증가</span></button></div><button type="button" class="sprite__smilefresh--before element-info-cart" aria-describedby="itemCard_title_2518490168"><span class="for-a11y">장바구니 담기</span></button></div><a href="https://item.gmarket.co.kr/Item?goodscode=2518490168" class="link__itemcard-info"><span class="box__itemcard-title-area" id="itemCard_title_2518490168"><span class="text__brand"><span class="text">사조해표</span></span><span class="text__title" id="item_title">해표 포도씨오일900ml</span></span><span class="box__itemcard-price-area"><span class="box__price-seller"><span class="for-a11y">판매가</span><strong class="text__price-seller">8,000</strong><span class="text__unit">원</span></span><span class="box__prime-cost"><span class="for-a11y">원가</span><span class="text__unit-cost">(<!-- -->100mL당 889원<!-- -->)</span></span></span><span class="box__itemcard-info-score"><span class="sprite__smilefresh--before box__score-awards"><span class="for-a11y">평점</span><span class="text text__score">4.8</span><span class="for-a11y">후기</span><span class="text text__num">(935)</span><span class="for-a11y">건</span></span><span class="box__score-buycnt"><span class="text text__buy">구매</span><span class="text text__num">3,662</span><span class="for-a11y">건</span></span></span><span class="box__itemcard-benefit-tag"><span class="box__tag box__tag-coupon"><span class="sprite__smilefresh--before box__inner">15% 쿠폰</span></span></span></a><button type="button" class="sprite__smilefresh--after button__favorite-item" aria-describedby="itemCard_title_2518490168" aria-pressed="false" aria-label="관심상품 등록하기"></button></div></div></div></div></li><li class="list-item"><div class="box__itemcard-container"><div class="box__itemcard-body"><div class="box__itemcard-inner"><a class="link__itemcard" href="https://item.gmarket.co.kr/Item?goodscode=2625411895" tabindex="-1" aria-hidden="true"><span class="box__itemcard-img"><img class="image__itemcard no-js-400?ver=1725092701" src="data:image/gif;base64,R0lGODlhAQABAIAAAP///wAAACH5BAEAAAAALAAAAAABAAEAAAICRAEAOw==" alt="대상 미원 맛소금 250g - 상품 이미지"/><noscript><style>.no-js-400?ver=1725092701 { display: none !important; }</style><img class="image__itemcard" src="https://gdimg.gmarket.co.kr/2625411895/still/400?ver=1725092701" alt="대상 미원 맛소금 250g - 상품 이미지"/></noscript></span></a><div class="box__itemcard-info"><div class="box__element-info"><div class="element-info-qty"><button aria-describedby="itemCard_title_2625411895" class="sprite__smilefresh--before element-info-qty-minus" aria-disabled="true"><span class="for-a11y">상품 수 <!-- -->1<!-- --> 감소</span></button><span class="element-info-item-qty" aria-describedby="itemCard_title_2625411895"><span class="for-a11y">선택된 수량</span> <!-- -->1</span><button aria-describedby="itemCard_title_2625411895" class="sprite__smilefresh--before element-info-qty-plus"><span class="for-a11y">상품 수 <!-- -->1<!-- --> 증가</span></button></div><button type="button" class="sprite__smilefresh--before element-info-cart" aria-describedby="itemCard_title_2625411895"><span class="for-a11y">장바구니 담기</span></button></div><a href="https://item.gmarket.co.kr/Item?goodscode=2625411895" class="link__itemcard-info"><span class="box__itemcard-title-area" id="itemCard_title_2625411895"><span class="text__brand"><span class="text">미원</span></span><span class="text__title" id="item_title">대상 미원 맛소금 250g</span></span><span class="box__itemcard-price-area"><span class="box__price-seller"><span class="for-a11y">판매가</span><strong class="text__price-seller">1,440</strong><span class="text__unit">원</span></span><span class="box__prime-cost"><span class="for-a11y">원가</span><span class="text__unit-cost">(<!-- -->100g당 576원<!-- -->)</span></span></span><span class="box__itemcard-info-score"><span class="sprite__smilefresh--before box__score-awards"><span class="for-a11y">평점</span><span class="text text__score">4.8</span><span class="for-a11y">후기</span><span class="text text__num">(3,179)</span><span class="for-a11y">건</span></span><span class="box__score-buycnt"><span class="text text__buy">구매</span><span class="text text__num">8,257</span><span class="for-a11y">건</span></span></span><span class="box__itemcard-benefit-tag"><span class="box__tag box__tag-coupon"><span class="sprite__smilefresh--before box__inner">15% 쿠폰</span></span></span></a><button type="button" class="sprite__smilefresh--after button__favorite-item" aria-describedby="itemCard_title_2625411895" aria-pressed="false" aria-label="관심상품 등록하기"></button></div></div></div></div></li><li class="list-item"><div class="box__itemcard-container"><div class="box__itemcard-body"><div class="box__itemcard-inner"><a class="link__itemcard" href="https://item.gmarket.co.kr/Item?goodscode=2518496584" tabindex="-1" aria-hidden="true"><span class="box__itemcard-img"><img class="image__itemcard no-js-400?ver=1725092602" src="data:image/gif;base64,R0lGODlhAQABAIAAAP///wAAACH5BAEAAAAALAAAAAABAAEAAAICRAEAOw==" alt="오뚜기 골드 마요네즈 300g - 상품 이미지"/><noscript><style>.no-js-400?ver=1725092602 { display: none !important; }</style><img class="image__itemcard" src="https://gdimg.gmarket.co.kr/2518496584/still/400?ver=1725092602" alt="오뚜기 골드 마요네즈 300g - 상품 이미지"/></noscript></span></a><div class="box__itemcard-info"><div class="box__element-info"><div class="element-info-qty"><button aria-describedby="itemCard_title_2518496584" class="sprite__smilefresh--before element-info-qty-minus" aria-disabled="true"><span class="for-a11y">상품 수 <!-- -->1<!-- --> 감소</span></button><span class="element-info-item-qty" aria-describedby="itemCard_title_2518496584"><span class="for-a11y">선택된 수량</span> <!-- -->1</span><button aria-describedby="itemCard_title_2518496584" class="sprite__smilefresh--before element-info-qty-plus"><span class="for-a11y">상품 수 <!-- -->1<!-- --> 증가</span></button></div><button type="button" class="sprite__smilefresh--before element-info-cart" aria-describedby="itemCard_title_2518496584"><span class="for-a11y">장바구니 담기</span></button></div><a href="https://item.gmarket.co.kr/Item?goodscode=2518496584" class="link__itemcard-info"><span class="box__itemcard-title-area" id="itemCard_title_2518496584"><span class="text__brand"><span class="text">오뚜기</span></span><span class="text__title" id="item_title">오뚜기 골드 마요네즈 300g</span></span><span class="box__itemcard-price-area"><span class="box__price-seller"><span class="for-a11y">판매가</span><strong class="text__price-seller">3,950</strong><span class="text__unit">원</span></span><span class="box__prime-cost"><span class="for-a11y">원가</span><span class="text__unit-cost">(<!-- -->100g당 1,317원<!-- -->)</span></span></span><span class="box__itemcard-info-score"><span class="sprite__smilefresh--before box__score-awards"><span class="for-a11y">평점</span><span class="text text__score">4.8</span><span class="for-a11y">후기</span><span class="text text__num">(2,794)</span><span class="for-a11y">건</span></span><span class="box__score-buycnt"><span class="text text__buy">구매</span><span class="text text__num">9,233</span><span class="for-a11y">건</span></span></span><span class="box__itemcard-benefit-tag"><span class="box__tag box__tag-coupon"><span class="sprite__smilefresh--before box__inner">15% 쿠폰</span></span></span></a><button type="button" class="sprite__smilefresh--after button__favorite-item" aria-describedby="itemCard_title_2518496584" aria-pressed="false" aria-label="관심상품 등록하기"></button></div></div></div></div></li><li class="list-item"><div class="box__itemcard-container"><div class="box__itemcard-body"><div class="box__itemcard-inner"><span class="box__thumbnail__label">2개 사면 할인</span><a class="link__itemcard" href="https://item.gmarket.co.kr/Item?goodscode=2518442383" tabindex="-1" aria-hidden="true"><span class="box__itemcard-img"><img class="image__itemcard no-js-400?ver=1725088399" src="data:image/gif;base64,R0lGODlhAQABAIAAAP///wAAACH5BAEAAAAALAAAAAABAAEAAAICRAEAOw==" alt="몽고 송표간장프라임 1.8L - 상품 이미지"/><noscript><style>.no-js-400?ver=1725088399 { display: none !important; }</style><img class="image__itemcard" src="https://gdimg.gmarket.co.kr/2518442383/still/400?ver=1725088399" alt="몽고 송표간장프라임 1.8L - 상품 이미지"/></noscript></span></a><div class="box__itemcard-info"><div class="box__element-info"><div class="element-info-qty"><button aria-describedby="itemCard_title_2518442383" class="sprite__smilefresh--before element-info-qty-minus" aria-disabled="true"><span class="for-a11y">상품 수 <!-- -->1<!-- --> 감소</span></button><span class="element-info-item-qty" aria-describedby="itemCard_title_2518442383"><span class="for-a11y">선택된 수량</span> <!-- -->1</span><button aria-describedby="itemCard_title_2518442383" class="sprite__smilefresh--before element-info-qty-plus"><span class="for-a11y">상품 수 <!-- -->1<!-- --> 증가</span></button></div><button type="button" class="sprite__smilefresh--before element-info-cart" aria-describedby="itemCard_title_2518442383"><span class="for-a11y">장바구니 담기</span></button></div><a href="https://item.gmarket.co.kr/Item?goodscode=2518442383" class="link__itemcard-info"><span class="box__itemcard-title-area" id="itemCard_title_2518442383"><span class="text__brand"><span class="text">마산명산</span></span><span class="text__title" id="item_title">몽고 송표간장프라임 1.8L</span></span><span class="box__itemcard-price-area"><span class="box__price-seller"><span class="for-a11y">판매가</span><strong class="text__price-seller">14,980</strong><span class="text__unit">원</span></span></span><span class="box__itemcard-info-score"><span class="sprite__smilefresh--before box__score-awards"><span class="for-a11y">평점</span><span class="text text__score">4.8</span><span class="for-a11y">후기</span><span class="text text__num">(170)</span><span class="for-a11y">건</span></span><span class="box__score-buycnt"><span class="text text__buy">구매</span><span class="text text__num">577</span><span class="for-a11y">건</span></span></span><span class="box__itemcard-benefit-tag"><span class="box__tag box__tag-coupon"><span class="sprite__smilefresh--before box__inner">15% 쿠폰</span></span></span></a><button type="button" class="sprite__smilefresh--after button__favorite-item" aria-describedby="itemCard_title_2518442383" aria-pressed="false" aria-label="관심상품 등록하기"></button></div></div></div></div></li><li class="list-item"><div class="box__itemcard-container"><div class="box__itemcard-body"><div class="box__itemcard-inner"><a class="link__itemcard" href="https://item.gmarket.co.kr/Item?goodscode=2518624786" tabindex="-1" aria-hidden="true"><span class="box__itemcard-img"><img class="image__itemcard no-js-400?ver=1725091572" src="data:image/gif;base64,R0lGODlhAQABAIAAAP///wAAACH5BAEAAAAALAAAAAABAAEAAAICRAEAOw==" alt="오뚜기 옛날참기름450ml(캔) - 상품 이미지"/><noscript><style>.no-js-400?ver=1725091572 { display: none !important; }</style><img class="image__itemcard" src="https://gdimg.gmarket.co.kr/2518624786/still/400?ver=1725091572" alt="오뚜기 옛날참기름450ml(캔) - 상품 이미지"/></noscript></span></a><div class="box__itemcard-info"><div class="box__element-info"><div class="element-info-qty"><button aria-describedby="itemCard_title_2518624786" class="sprite__smilefresh--before element-info-qty-minus" aria-disabled="true"><span class="for-a11y">상품 수 <!-- -->1<!-- --> 감소</span></button><span class="element-info-item-qty" aria-describedby="itemCard_title_2518624786"><span class="for-a11y">선택된 수량</span> <!-- -->1</span><button aria-describedby="itemCard_title_2518624786" class="sprite__smilefresh--before element-info-qty-plus"><span class="for-a11y">상품 수 <!-- -->1<!-- --> 증가</span></button></div><button type="button" class="sprite__smilefresh--before element-info-cart" aria-describedby="itemCard_title_2518624786"><span class="for-a11y">장바구니 담기</span></button></div><a href="https://item.gmarket.co.kr/Item?goodscode=2518624786" class="link__itemcard-info"><span class="box__itemcard-title-area" id="itemCard_title_2518624786"><span class="text__brand"><span class="text">오뚜기</span></span><span class="text__title" id="item_title">오뚜기 옛날참기름450ml(캔)</span></span><span class="box__itemcard-price-area"><span class="box__price-seller"><span class="for-a11y">판매가</span><strong class="text__price-seller">7,980</strong><span class="text__unit">원</span></span><span class="box__prime-cost"><span class="for-a11y">원가</span><span class="text__unit-cost">(<!-- -->10mL당 177원<!-- -->)</span></span></span><span class="box__itemcard-info-score"><span class="sprite__smilefresh--before box__score-awards"><span class="for-a11y">평점</span><span class="text text__score">4.7</span><span class="for-a11y">후기</span><span class="text text__num">(1,655)</span><span class="for-a11y">건</span></span><span class="box__score-buycnt"><span class="text text__buy">구매</span><span class="text text__num">5,887</span><span class="for-a11y">건</span></span></span><span class="box__itemcard-benefit-tag"><span class="box__tag box__tag-coupon"><span class="sprite__smilefresh--before box__inner">15% 쿠폰</span></span></span></a><button type="button" class="sprite__smilefresh--after button__favorite-item" aria-describedby="itemCard_title_2518624786" aria-pressed="false" aria-label="관심상품 등록하기"></button></div></div></div></div></li><li class="list-item"><div class="box__itemcard-container"><div class="box__itemcard-body"><div class="box__itemcard-inner"><span class="box__thumbnail__label">2개 사면 할인</span><a class="link__itemcard" href="https://item.gmarket.co.kr/Item?goodscode=3026275596" tabindex="-1" aria-hidden="true"><span class="box__itemcard-img"><img class="image__itemcard no-js-400?ver=1725133166" src="data:image/gif;base64,R0lGODlhAQABAIAAAP///wAAACH5BAEAAAAALAAAAAABAAEAAAICRAEAOw==" alt="CJ 백설 참치액 진 더 풍부한 맛 500g - 상품 이미지"/><noscript><style>.no-js-400?ver=1725133166 { display: none !important; }</style><img class="image__itemcard" src="https://gdimg.gmarket.co.kr/3026275596/still/400?ver=1725133166" alt="CJ 백설 참치액 진 더 풍부한 맛 500g - 상품 이미지"/></noscript></span></a><div class="box__itemcard-info"><div class="box__element-info"><div class="element-info-qty"><button aria-describedby="itemCard_title_3026275596" class="sprite__smilefresh--before element-info-qty-minus" aria-disabled="true"><span class="for-a11y">상품 수 <!-- -->1<!-- --> 감소</span></button><span class="element-info-item-qty" aria-describedby="itemCard_title_3026275596"><span class="for-a11y">선택된 수량</span> <!-- -->1</span><button aria-describedby="itemCard_title_3026275596" class="sprite__smilefresh--before element-info-qty-plus"><span class="for-a11y">상품 수 <!-- -->1<!-- --> 증가</span></button></div><button type="button" class="sprite__smilefresh--before element-info-cart" aria-describedby="itemCard_title_3026275596"><span class="for-a11y">장바구니 담기</span></button></div><a href="https://item.gmarket.co.kr/Item?goodscode=3026275596" class="link__itemcard-info"><span class="box__itemcard-title-area" id="itemCard_title_3026275596"><span class="text__title" id="item_title">CJ 백설 참치액 진 더 풍부한 맛 500g</span></span><span class="box__itemcard-price-area"><span class="box__price-seller"><span class="for-a11y">판매가</span><strong class="text__price-seller">7,980</strong><span class="text__unit">원</span></span></span><span class="box__itemcard-info-score"><span class="sprite__smilefresh--before box__score-awards"><span class="for-a11y">평점</span><span class="text text__score">4.8</span><span class="for-a11y">후기</span><span class="text text__num">(293)</span><span class="for-a11y">건</span></span><span class="box__score-buycnt"><span class="text text__buy">구매</span><span class="text text__num">1,163</span><span class="for-a11y">건</span></span></span><span class="box__itemcard-benefit-tag"><span class="box__tag box__tag-coupon"><span class="sprite__smilefresh--before box__inner">15% 쿠폰</span></span></span></a><button type="button" class="sprite__smilefresh--after button__favorite-item" aria-describedby="itemCard_title_3026275596" aria-pressed="false" aria-label="관심상품 등록하기"></button></div></div></div></div></li><li class="list-item"><div class="box__itemcard-container"><div class="box__itemcard-body"><div class="box__itemcard-inner"><a class="link__itemcard" href="https://item.gmarket.co.kr/Item?goodscode=2518497470" tabindex="-1" aria-hidden="true"><span class="box__itemcard-img"><img class="image__itemcard no-js-400?ver=1725092613" src="data:image/gif;base64,R0lGODlhAQABAIAAAP///wAAACH5BAEAAAAALAAAAAABAAEAAAICRAEAOw==" alt="오뚜기 토마토케찹 300g - 상품 이미지"/><noscript><style>.no-js-400?ver=1725092613 { display: none !important; }</style><img class="image__itemcard" src="https://gdimg.gmarket.co.kr/2518497470/still/400?ver=1725092613" alt="오뚜기 토마토케찹 300g - 상품 이미지"/></noscript></span></a><div class="box__itemcard-info"><div class="box__element-info"><div class="element-info-qty"><button aria-describedby="itemCard_title_2518497470" class="sprite__smilefresh--before element-info-qty-minus" aria-disabled="true"><span class="for-a11y">상품 수 <!-- -->1<!-- --> 감소</span></button><span class="element-info-item-qty" aria-describedby="itemCard_title_2518497470"><span class="for-a11y">선택된 수량</span> <!-- -->1</span><button aria-describedby="itemCard_title_2518497470" class="sprite__smilefresh--before element-info-qty-plus"><span class="for-a11y">상품 수 <!-- -->1<!-- --> 증가</span></button></div><button type="button" class="sprite__smilefresh--before element-info-cart" aria-describedby="itemCard_title_2518497470"><span class="for-a11y">장바구니 담기</span></button></div><a href="https://item.gmarket.co.kr/Item?goodscode=2518497470" class="link__itemcard-info"><span class="box__itemcard-title-area" id="itemCard_title_2518497470"><span class="text__brand"><span class="text">오뚜기</span></span><span class="text__title" id="item_title">오뚜기 토마토케찹 300g</span></span><span class="box__itemcard-price-area"><span class="box__price-seller"><span class="for-a11y">판매가</span><strong class="text__price-seller">2,180</strong><span class="text__unit">원</span></span><span class="box__prime-cost"><span class="for-a11y">원가</span><span class="text__unit-cost">(<!-- -->100g당 727원<!-- -->)</span></span></span><span class="box__itemcard-info-score"><span class="sprite__smilefresh--before box__score-awards"><span class="for-a11y">평점</span><span class="text text__score">4.8</span><span class="for-a11y">후기</span><span class="text text__num">(4,304)</span><span class="for-a11y">건</span></span><span class="box__score-buycnt"><span class="text text__buy">구매</span><span class="text text__num">13,306</span><span class="for-a11y">건</span></span></span><span class="box__itemcard-benefit-tag"><span class="box__tag box__tag-coupon"><span class="sprite__smilefresh--before box__inner">15% 쿠폰</span></span></span></a><button type="button" class="sprite__smilefresh--after button__favorite-item" aria-describedby="itemCard_title_2518497470" aria-pressed="false" aria-label="관심상품 등록하기"></button></div></div></div></div></li><li class="list-item"><div class="box__itemcard-container"><div class="box__itemcard-body"><div class="box__itemcard-inner"><a class="link__itemcard" href="https://item.gmarket.co.kr/Item?goodscode=2903929505" tabindex="-1" aria-hidden="true"><span class="box__itemcard-img"><img class="image__itemcard no-js-400?ver=1725127630" src="data:image/gif;base64,R0lGODlhAQABAIAAAP///wAAACH5BAEAAAAALAAAAAABAAEAAAICRAEAOw==" alt="피코크 올리브오일 500ml(아르베키나) - 상품 이미지"/><noscript><style>.no-js-400?ver=1725127630 { display: none !important; }</style><img class="image__itemcard" src="https://gdimg.gmarket.co.kr/2903929505/still/400?ver=1725127630" alt="피코크 올리브오일 500ml(아르베키나) - 상품 이미지"/></noscript></span></a><div class="box__itemcard-info"><div class="box__element-info"><div class="element-info-qty"><button aria-describedby="itemCard_title_2903929505" class="sprite__smilefresh--before element-info-qty-minus" aria-disabled="true"><span class="for-a11y">상품 수 <!-- -->1<!-- --> 감소</span></button><span class="element-info-item-qty" aria-describedby="itemCard_title_2903929505"><span class="for-a11y">선택된 수량</span> <!-- -->1</span><button aria-describedby="itemCard_title_2903929505" class="sprite__smilefresh--before element-info-qty-plus"><span class="for-a11y">상품 수 <!-- -->1<!-- --> 증가</span></button></div><button type="button" class="sprite__smilefresh--before element-info-cart" aria-describedby="itemCard_title_2903929505"><span class="for-a11y">장바구니 담기</span></button></div><a href="https://item.gmarket.co.kr/Item?goodscode=2903929505" class="link__itemcard-info"><span class="box__itemcard-title-area" id="itemCard_title_2903929505"><span class="text__title" id="item_title">피코크 올리브오일 500ml(아르베키나)</span></span><span class="box__itemcard-price-area"><span class="box__price-seller"><span class="for-a11y">판매가</span><strong class="text__price-seller">11,480</strong><span class="text__unit">원</span></span></span><span class="box__itemcard-info-score"><span class="sprite__smilefresh--before box__score-awards"><span class="for-a11y">평점</span><span class="text text__score">4.8</span><span class="for-a11y">후기</span><span class="text text__num">(262)</span><span class="for-a11y">건</span></span><span class="box__score-buycnt"><span class="text text__buy">구매</span><span class="text text__num">911</span><span class="for-a11y">건</span></span></span><span class="box__itemcard-benefit-tag"><span class="box__tag box__tag-coupon"><span class="sprite__smilefresh--before box__inner">15% 쿠폰</span></span></span></a><button type="button" class="sprite__smilefresh--after button__favorite-item" aria-describedby="itemCard_title_2903929505" aria-pressed="false" aria-label="관심상품 등록하기"></button></div></div></div></div></li><li class="list-item"><div class="box__itemcard-container"><div class="box__itemcard-body"><div class="box__itemcard-inner"><a class="link__itemcard" href="https://item.gmarket.co.kr/Item?goodscode=2600537166" tabindex="-1" aria-hidden="true"><span class="box__itemcard-img"><img class="image__itemcard no-js-400?ver=1725126700" src="data:image/gif;base64,R0lGODlhAQABAIAAAP///wAAACH5BAEAAAAALAAAAAABAAEAAAICRAEAOw==" alt="노브랜드 데일리머스타드소스335g - 상품 이미지"/><noscript><style>.no-js-400?ver=1725126700 { display: none !important; }</style><img class="image__itemcard" src="https://gdimg.gmarket.co.kr/2600537166/still/400?ver=1725126700" alt="노브랜드 데일리머스타드소스335g - 상품 이미지"/></noscript></span></a><div class="box__itemcard-info"><div class="box__element-info"><div class="element-info-qty"><button aria-describedby="itemCard_title_2600537166" class="sprite__smilefresh--before element-info-qty-minus" aria-disabled="true"><span class="for-a11y">상품 수 <!-- -->1<!-- --> 감소</span></button><span class="element-info-item-qty" aria-describedby="itemCard_title_2600537166"><span class="for-a11y">선택된 수량</span> <!-- -->1</span><button aria-describedby="itemCard_title_2600537166" class="sprite__smilefresh--before element-info-qty-plus"><span class="for-a11y">상품 수 <!-- -->1<!-- --> 증가</span></button></div><button type="button" class="sprite__smilefresh--before element-info-cart" aria-describedby="itemCard_title_2600537166"><span class="for-a11y">장바구니 담기</span></button></div><a href="https://item.gmarket.co.kr/Item?goodscode=2600537166" class="link__itemcard-info"><span class="box__itemcard-title-area" id="itemCard_title_2600537166"><span class="text__brand"><span class="text">노브랜드</span></span><span class="text__title" id="item_title">노브랜드 데일리머스타드소스335g</span></span><span class="box__itemcard-price-area"><span class="box__price-seller"><span class="for-a11y">판매가</span><strong class="text__price-seller">2,580</strong><span class="text__unit">원</span></span></span><span class="box__itemcard-info-score"><span class="sprite__smilefresh--before box__score-awards"><span class="for-a11y">평점</span><span class="text text__score">4.8</span><span class="for-a11y">후기</span><span class="text text__num">(3,166)</span><span class="for-a11y">건</span></span><span class="box__score-buycnt"><span class="text text__buy">구매</span><span class="text text__num">6,305</span><span class="for-a11y">건</span></span></span></a><button type="button" class="sprite__smilefresh--after button__favorite-item" aria-describedby="itemCard_title_2600537166" aria-pressed="false" aria-label="관심상품 등록하기"></button></div></div></div></div></li><li class="list-item"><div class="box__itemcard-container"><div class="box__itemcard-body"><div class="box__itemcard-inner"><a class="link__itemcard" href="https://item.gmarket.co.kr/Item?goodscode=2518358674" tabindex="-1" aria-hidden="true"><span class="box__itemcard-img"><img class="image__itemcard no-js-400?ver=1725092679" src="data:image/gif;base64,R0lGODlhAQABAIAAAP///wAAACH5BAEAAAAALAAAAAABAAEAAAICRAEAOw==" alt="해표 식용유1.8L - 상품 이미지"/><noscript><style>.no-js-400?ver=1725092679 { display: none !important; }</style><img class="image__itemcard" src="https://gdimg.gmarket.co.kr/2518358674/still/400?ver=1725092679" alt="해표 식용유1.8L - 상품 이미지"/></noscript></span></a><div class="box__itemcard-info"><div class="box__element-info"><div class="element-info-qty"><button aria-describedby="itemCard_title_2518358674" class="sprite__smilefresh--before element-info-qty-minus" aria-disabled="true"><span class="for-a11y">상품 수 <!-- -->1<!-- --> 감소</span></button><span class="element-info-item-qty" aria-describedby="itemCard_title_2518358674"><span class="for-a11y">선택된 수량</span> <!-- -->1</span><button aria-describedby="itemCard_title_2518358674" class="sprite__smilefresh--before element-info-qty-plus"><span class="for-a11y">상품 수 <!-- -->1<!-- --> 증가</span></button></div><button type="button" class="sprite__smilefresh--before element-info-cart" aria-describedby="itemCard_title_2518358674"><span class="for-a11y">장바구니 담기</span></button></div><a href="https://item.gmarket.co.kr/Item?goodscode=2518358674" class="link__itemcard-info"><span class="box__itemcard-title-area" id="itemCard_title_2518358674"><span class="text__brand"><span class="text">사조해표</span></span><span class="text__title" id="item_title">해표 식용유1.8L</span></span><span class="box__itemcard-price-area"><span class="box__price-seller"><span class="for-a11y">판매가</span><strong class="text__price-seller">6,980</strong><span class="text__unit">원</span></span><span class="box__prime-cost"><span class="for-a11y">원가</span><span class="text__unit-cost">(<!-- -->100mL당 388원<!-- -->)</span></span></span><span class="box__itemcard-info-score"><span class="sprite__smilefresh--before box__score-awards"><span class="for-a11y">평점</span><span class="text text__score">4.8</span><span class="for-a11y">후기</span><span class="text text__num">(3,134)</span><span class="for-a11y">건</span></span><span class="box__score-buycnt"><span class="text text__buy">구매</span><span class="text text__num">27,340</span><span class="for-a11y">건</span></span></span><span class="box__itemcard-benefit-tag"><span class="box__tag box__tag-coupon"><span class="sprite__smilefresh--before box__inner">15% 쿠폰</span></span></span></a><button type="button" class="sprite__smilefresh--after button__favorite-item" aria-describedby="itemCard_title_2518358674" aria-pressed="false" aria-label="관심상품 등록하기"></button></div></div></div></div></li><li class="list-item"><div class="box__itemcard-container"><div class="box__itemcard-body"><div class="box__itemcard-inner"><a class="link__itemcard" href="https://item.gmarket.co.kr/Item?goodscode=2518717808" tabindex="-1" aria-hidden="true"><span class="box__itemcard-img"><img class="image__itemcard no-js-400?ver=1725092033" src="data:image/gif;base64,R0lGODlhAQABAIAAAP///wAAACH5BAEAAAAALAAAAAABAAEAAAICRAEAOw==" alt="올리비탈 올리브오일1L - 상품 이미지"/><noscript><style>.no-js-400?ver=1725092033 { display: none !important; }</style><img class="image__itemcard" src="https://gdimg.gmarket.co.kr/2518717808/still/400?ver=1725092033" alt="올리비탈 올리브오일1L - 상품 이미지"/></noscript></span></a><div class="box__itemcard-info"><div class="box__element-info"><div class="element-info-qty"><button aria-describedby="itemCard_title_2518717808" class="sprite__smilefresh--before element-info-qty-minus" aria-disabled="true"><span class="for-a11y">상품 수 <!-- -->1<!-- --> 감소</span></button><span class="element-info-item-qty" aria-describedby="itemCard_title_2518717808"><span class="for-a11y">선택된 수량</span> <!-- -->1</span><button aria-describedby="itemCard_title_2518717808" class="sprite__smilefresh--before element-info-qty-plus"><span class="for-a11y">상품 수 <!-- -->1<!-- --> 증가</span></button></div><button type="button" class="sprite__smilefresh--before element-info-cart" aria-describedby="itemCard_title_2518717808"><span class="for-a11y">장바구니 담기</span></button></div><a href="https://item.gmarket.co.kr/Item?goodscode=2518717808" class="link__itemcard-info"><span class="box__itemcard-title-area" id="itemCard_title_2518717808"><span class="text__brand"><span class="text">올리비탈</span></span><span class="text__title" id="item_title">올리비탈 올리브오일1L</span></span><span class="box__itemcard-price-area"><span class="box__price-seller"><span class="for-a11y">판매가</span><strong class="text__price-seller">27,800</strong><span class="text__unit">원</span></span><span class="box__prime-cost"><span class="for-a11y">원가</span><span class="text__unit-cost">(<!-- -->100mL당 2,780원<!-- -->)</span></span></span><span class="box__itemcard-info-score"><span class="sprite__smilefresh--before box__score-awards"><span class="for-a11y">평점</span><span class="text text__score">4.8</span><span class="for-a11y">후기</span><span class="text text__num">(176)</span><span class="for-a11y">건</span></span><span class="box__score-buycnt"><span class="text text__buy">구매</span><span class="text text__num">576</span><span class="for-a11y">건</span></span></span><span class="box__itemcard-benefit-tag"><span class="box__tag box__tag-coupon"><span class="sprite__smilefresh--before box__inner">15% 쿠폰</span></span></span></a><button type="button" class="sprite__smilefresh--after button__favorite-item" aria-describedby="itemCard_title_2518717808" aria-pressed="false" aria-label="관심상품 등록하기"></button></div></div></div></div></li><li class="list-item"><div class="box__itemcard-container"><div class="box__itemcard-body"><div class="box__itemcard-inner"><a class="link__itemcard" href="https://item.gmarket.co.kr/Item?goodscode=2625421600" tabindex="-1" aria-hidden="true"><span class="box__itemcard-img"><img class="image__itemcard no-js-400?ver=1725103570" src="data:image/gif;base64,R0lGODlhAQABAIAAAP///wAAACH5BAEAAAAALAAAAAABAAEAAAICRAEAOw==" alt="노브랜드 굴소스 490g - 상품 이미지"/><noscript><style>.no-js-400?ver=1725103570 { display: none !important; }</style><img class="image__itemcard" src="https://gdimg.gmarket.co.kr/2625421600/still/400?ver=1725103570" alt="노브랜드 굴소스 490g - 상품 이미지"/></noscript></span></a><div class="box__itemcard-info"><div class="box__element-info"><div class="element-info-qty"><button aria-describedby="itemCard_title_2625421600" class="sprite__smilefresh--before element-info-qty-minus" aria-disabled="true"><span class="for-a11y">상품 수 <!-- -->1<!-- --> 감소</span></button><span class="element-info-item-qty" aria-describedby="itemCard_title_2625421600"><span class="for-a11y">선택된 수량</span> <!-- -->1</span><button aria-describedby="itemCard_title_2625421600" class="sprite__smilefresh--before element-info-qty-plus"><span class="for-a11y">상품 수 <!-- -->1<!-- --> 증가</span></button></div><button type="button" class="sprite__smilefresh--before element-info-cart" aria-describedby="itemCard_title_2625421600"><span class="for-a11y">장바구니 담기</span></button></div><a href="https://item.gmarket.co.kr/Item?goodscode=2625421600" class="link__itemcard-info"><span class="box__itemcard-title-area" id="itemCard_title_2625421600"><span class="text__brand"><span class="text">노브랜드</span></span><span class="text__title" id="item_title">노브랜드 굴소스 490g</span></span><span class="box__itemcard-price-area"><span class="box__price-seller"><span class="for-a11y">판매가</span><strong class="text__price-seller">3,480</strong><span class="text__unit">원</span></span><span class="box__prime-cost"><span class="for-a11y">원가</span><span class="text__unit-cost">(<!-- -->100g당 710원<!-- -->)</span></span></span><span class="box__itemcard-info-score"><span class="sprite__smilefresh--before box__score-awards"><span class="for-a11y">평점</span><span class="text text__score">4.7</span><span class="for-a11y">후기</span><span class="text text__num">(2,505)</span><span class="for-a11y">건</span></span><span class="box__score-buycnt"><span class="text text__buy">구매</span><span class="text text__num">5,834</span><span class="for-a11y">건</span></span></span></a><button type="button" class="sprite__smilefresh--after button__favorite-item" aria-describedby="itemCard_title_2625421600" aria-pressed="false" aria-label="관심상품 등록하기"></button></div></div></div></div></li><li class="list-item"><div class="box__itemcard-container"><div class="box__itemcard-body"><div class="box__itemcard-inner"><a class="link__itemcard" href="https://item.gmarket.co.kr/Item?goodscode=2522511816" tabindex="-1" aria-hidden="true"><span class="box__itemcard-img"><img class="image__itemcard no-js-400?ver=1725102164" src="data:image/gif;base64,R0lGODlhAQABAIAAAP///wAAACH5BAEAAAAALAAAAAABAAEAAAICRAEAOw==" alt="미림 900ml - 상품 이미지"/><noscript><style>.no-js-400?ver=1725102164 { display: none !important; }</style><img class="image__itemcard" src="https://gdimg.gmarket.co.kr/2522511816/still/400?ver=1725102164" alt="미림 900ml - 상품 이미지"/></noscript></span></a><div class="box__itemcard-info"><div class="box__element-info"><div class="element-info-qty"><button aria-describedby="itemCard_title_2522511816" class="sprite__smilefresh--before element-info-qty-minus" aria-disabled="true"><span class="for-a11y">상품 수 <!-- -->1<!-- --> 감소</span></button><span class="element-info-item-qty" aria-describedby="itemCard_title_2522511816"><span class="for-a11y">선택된 수량</span> <!-- -->1</span><button aria-describedby="itemCard_title_2522511816" class="sprite__smilefresh--before element-info-qty-plus"><span class="for-a11y">상품 수 <!-- -->1<!-- --> 증가</span></button></div><button type="button" class="sprite__smilefresh--before element-info-cart" aria-describedby="itemCard_title_2522511816"><span class="for-a11y">장바구니 담기</span></button></div><a href="https://item.gmarket.co.kr/Item?goodscode=2522511816" class="link__itemcard-info"><span class="box__itemcard-title-area" id="itemCard_title_2522511816"><span class="text__brand"><span class="text">롯데칠성</span></span><span class="text__title" id="item_title">미림 900ml</span></span><span class="box__itemcard-price-area"><span class="box__price-seller"><span class="for-a11y">판매가</span><strong class="text__price-seller">3,670</strong><span class="text__unit">원</span></span></span><span class="box__itemcard-info-score"><span class="sprite__smilefresh--before box__score-awards"><span class="for-a11y">평점</span><span class="text text__score">4.8</span><span class="for-a11y">후기</span><span class="text text__num">(1,783)</span><span class="for-a11y">건</span></span><span class="box__score-buycnt"><span class="text text__buy">구매</span><span class="text text__num">5,028</span><span class="for-a11y">건</span></span></span><span class="box__itemcard-benefit-tag"><span class="box__tag box__tag-coupon"><span class="sprite__smilefresh--before box__inner">15% 쿠폰</span></span></span></a><button type="button" class="sprite__smilefresh--after button__favorite-item" aria-describedby="itemCard_title_2522511816" aria-pressed="false" aria-label="관심상품 등록하기"></button></div></div></div></div></li><li class="list-item"><div class="box__itemcard-container"><div class="box__itemcard-body"><div class="box__itemcard-inner"><a class="link__itemcard" href="https://item.gmarket.co.kr/Item?goodscode=2518900786" tabindex="-1" aria-hidden="true"><span class="box__itemcard-img"><img class="image__itemcard no-js-400?ver=1725114267" src="data:image/gif;base64,R0lGODlhAQABAIAAAP///wAAACH5BAEAAAAALAAAAAABAAEAAAICRAEAOw==" alt="노브랜드 중력밀가루 1kg - 상품 이미지"/><noscript><style>.no-js-400?ver=1725114267 { display: none !important; }</style><img class="image__itemcard" src="https://gdimg.gmarket.co.kr/2518900786/still/400?ver=1725114267" alt="노브랜드 중력밀가루 1kg - 상품 이미지"/></noscript></span></a><div class="box__itemcard-info"><div class="box__element-info"><div class="element-info-qty"><button aria-describedby="itemCard_title_2518900786" class="sprite__smilefresh--before element-info-qty-minus" aria-disabled="true"><span class="for-a11y">상품 수 <!-- -->1<!-- --> 감소</span></button><span class="element-info-item-qty" aria-describedby="itemCard_title_2518900786"><span class="for-a11y">선택된 수량</span> <!-- -->1</span><button aria-describedby="itemCard_title_2518900786" class="sprite__smilefresh--before element-info-qty-plus"><span class="for-a11y">상품 수 <!-- -->1<!-- --> 증가</span></button></div><button type="button" class="sprite__smilefresh--before element-info-cart" aria-describedby="itemCard_title_2518900786"><span class="for-a11y">장바구니 담기</span></button></div><a href="https://item.gmarket.co.kr/Item?goodscode=2518900786" class="link__itemcard-info"><span class="box__itemcard-title-area" id="itemCard_title_2518900786"><span class="text__brand"><span class="text">노브랜드</span></span><span class="text__title" id="item_title">노브랜드 중력밀가루 1kg</span></span><span class="box__itemcard-price-area"><span class="box__price-seller"><span class="for-a11y">판매가</span><strong class="text__price-seller">1,380</strong><span class="text__unit">원</span></span><span class="box__prime-cost"><span class="for-a11y">원가</span><span class="text__unit-cost">(<!-- -->100g당 138원<!-- -->)</span></span></span><span class="box__itemcard-info-score"><span class="sprite__smilefresh--before box__score-awards"><span class="for-a11y">평점</span><span class="text text__score">4.7</span><span class="for-a11y">후기</span><span class="text text__num">(2,653)</span><span class="for-a11y">건</span></span><span class="box__score-buycnt"><span class="text text__buy">구매</span><span class="text text__num">6,910</span><span class="for-a11y">건</span></span></span></a><button type="button" class="sprite__smilefresh--after button__favorite-item" aria-describedby="itemCard_title_2518900786" aria-pressed="false" aria-label="관심상품 등록하기"></button></div></div></div></div></li><li class="list-item"><div class="box__itemcard-container"><div class="box__itemcard-body"><div class="box__itemcard-inner"><a class="link__itemcard" href="https://item.gmarket.co.kr/Item?goodscode=2903929557" tabindex="-1" aria-hidden="true"><span class="box__itemcard-img"><img class="image__itemcard no-js-400?ver=1725127628" src="data:image/gif;base64,R0lGODlhAQABAIAAAP///wAAACH5BAEAAAAALAAAAAABAAEAAAICRAEAOw==" alt="피코크 올리브오일 500ml(오히블랑카) - 상품 이미지"/><noscript><style>.no-js-400?ver=1725127628 { display: none !important; }</style><img class="image__itemcard" src="https://gdimg.gmarket.co.kr/2903929557/still/400?ver=1725127628" alt="피코크 올리브오일 500ml(오히블랑카) - 상품 이미지"/></noscript></span></a><div class="box__itemcard-info"><div class="box__element-info"><div class="element-info-qty"><button aria-describedby="itemCard_title_2903929557" class="sprite__smilefresh--before element-info-qty-minus" aria-disabled="true"><span class="for-a11y">상품 수 <!-- -->1<!-- --> 감소</span></button><span class="element-info-item-qty" aria-describedby="itemCard_title_2903929557"><span class="for-a11y">선택된 수량</span> <!-- -->1</span><button aria-describedby="itemCard_title_2903929557" class="sprite__smilefresh--before element-info-qty-plus"><span class="for-a11y">상품 수 <!-- -->1<!-- --> 증가</span></button></div><button type="button" class="sprite__smilefresh--before element-info-cart" aria-describedby="itemCard_title_2903929557"><span class="for-a11y">장바구니 담기</span></button></div><a href="https://item.gmarket.co.kr/Item?goodscode=2903929557" class="link__itemcard-info"><span class="box__itemcard-title-area" id="itemCard_title_2903929557"><span class="text__title" id="item_title">피코크 올리브오일 500ml(오히블랑카)</span></span><span class="box__itemcard-price-area"><span class="box__price-seller"><span class="for-a11y">판매가</span><strong class="text__price-seller">11,480</strong><span class="text__unit">원</span></span></span><span class="box__itemcard-info-score"><span class="sprite__smilefresh--before box__score-awards"><span class="for-a11y">평점</span><span class="text text__score">4.8</span><span class="for-a11y">후기</span><span class="text text__num">(202)</span><span class="for-a11y">건</span></span><span class="box__score-buycnt"><span class="text text__buy">구매</span><span class="text text__num">668</span><span class="for-a11y">건</span></span></span><span class="box__itemcard-benefit-tag"><span class="box__tag box__tag-coupon"><span class="sprite__smilefresh--before box__inner">15% 쿠폰</span></span></span></a><button type="button" class="sprite__smilefresh--after button__favorite-item" aria-describedby="itemCard_title_2903929557" aria-pressed="false" aria-label="관심상품 등록하기"></button></div></div></div></div></li><li class="list-item"><div class="box__itemcard-container"><div class="box__itemcard-body"><div class="box__itemcard-inner"><a class="link__itemcard" href="https://item.gmarket.co.kr/Item?goodscode=2523112832" tabindex="-1" aria-hidden="true"><span class="box__itemcard-img"><img class="image__itemcard no-js-400?ver=1725099922" src="data:image/gif;base64,R0lGODlhAQABAIAAAP///wAAACH5BAEAAAAALAAAAAABAAEAAAICRAEAOw==" alt="파르키오니 올리브오일1L - 상품 이미지"/><noscript><style>.no-js-400?ver=1725099922 { display: none !important; }</style><img class="image__itemcard" src="https://gdimg.gmarket.co.kr/2523112832/still/400?ver=1725099922" alt="파르키오니 올리브오일1L - 상품 이미지"/></noscript></span></a><div class="box__itemcard-info"><div class="box__element-info"><div class="element-info-qty"><button aria-describedby="itemCard_title_2523112832" class="sprite__smilefresh--before element-info-qty-minus" aria-disabled="true"><span class="for-a11y">상품 수 <!-- -->1<!-- --> 감소</span></button><span class="element-info-item-qty" aria-describedby="itemCard_title_2523112832"><span class="for-a11y">선택된 수량</span> <!-- -->1</span><button aria-describedby="itemCard_title_2523112832" class="sprite__smilefresh--before element-info-qty-plus"><span class="for-a11y">상품 수 <!-- -->1<!-- --> 증가</span></button></div><button type="button" class="sprite__smilefresh--before element-info-cart" aria-describedby="itemCard_title_2523112832"><span class="for-a11y">장바구니 담기</span></button></div><a href="https://item.gmarket.co.kr/Item?goodscode=2523112832" class="link__itemcard-info"><span class="box__itemcard-title-area" id="itemCard_title_2523112832"><span class="text__title" id="item_title">파르키오니 올리브오일1L</span></span><span class="box__itemcard-price-area"><span class="box__price-seller"><span class="for-a11y">판매가</span><strong class="text__price-seller">27,800</strong><span class="text__unit">원</span></span><span class="box__prime-cost"><span class="for-a11y">원가</span><span class="text__unit-cost">(<!-- -->100mL당 2,780원<!-- -->)</span></span></span><span class="box__itemcard-info-score"><span class="sprite__smilefresh--before box__score-awards"><span class="for-a11y">평점</span><span class="text text__score">4.6</span><span class="for-a11y">후기</span><span class="text text__num">(46)</span><span class="for-a11y">건</span></span><span class="box__score-buycnt"><span class="text text__buy">구매</span><span class="text text__num">131</span><span class="for-a11y">건</span></span></span><span class="box__itemcard-benefit-tag"><span class="box__tag box__tag-coupon"><span class="sprite__smilefresh--before box__inner">15% 쿠폰</span></span></span></a><button type="button" class="sprite__smilefresh--after button__favorite-item" aria-describedby="itemCard_title_2523112832" aria-pressed="false" aria-label="관심상품 등록하기"></button></div></div></div></div></li><li class="list-item"><div class="box__itemcard-container"><div class="box__itemcard-body"><div class="box__itemcard-inner"><a class="link__itemcard" href="https://item.gmarket.co.kr/Item?goodscode=2518616472" tabindex="-1" aria-hidden="true"><span class="box__itemcard-img"><img class="image__itemcard no-js-400?ver=1725091391" src="data:image/gif;base64,R0lGODlhAQABAIAAAP///wAAACH5BAEAAAAALAAAAAABAAEAAAICRAEAOw==" alt="백설  소갈비 양념 500g - 상품 이미지"/><noscript><style>.no-js-400?ver=1725091391 { display: none !important; }</style><img class="image__itemcard" src="https://gdimg.gmarket.co.kr/2518616472/still/400?ver=1725091391" alt="백설  소갈비 양념 500g - 상품 이미지"/></noscript></span></a><div class="box__itemcard-info"><div class="box__element-info"><div class="element-info-qty"><button aria-describedby="itemCard_title_2518616472" class="sprite__smilefresh--before element-info-qty-minus" aria-disabled="true"><span class="for-a11y">상품 수 <!-- -->1<!-- --> 감소</span></button><span class="element-info-item-qty" aria-describedby="itemCard_title_2518616472"><span class="for-a11y">선택된 수량</span> <!-- -->1</span><button aria-describedby="itemCard_title_2518616472" class="sprite__smilefresh--before element-info-qty-plus"><span class="for-a11y">상품 수 <!-- -->1<!-- --> 증가</span></button></div><button type="button" class="sprite__smilefresh--before element-info-cart" aria-describedby="itemCard_title_2518616472"><span class="for-a11y">장바구니 담기</span></button></div><a href="https://item.gmarket.co.kr/Item?goodscode=2518616472" class="link__itemcard-info"><span class="box__itemcard-title-area" id="itemCard_title_2518616472"><span class="text__brand"><span class="text">백설</span></span><span class="text__title" id="item_title">백설  소갈비 양념 500g</span></span><span class="box__itemcard-price-area"><span class="box__price-seller"><span class="for-a11y">판매가</span><strong class="text__price-seller">3,480</strong><span class="text__unit">원</span></span><span class="box__prime-cost"><span class="for-a11y">원가</span><span class="text__unit-cost">(<!-- -->100g당 696원<!-- -->)</span></span></span><span class="box__itemcard-info-score"><span class="sprite__smilefresh--before box__score-awards"><span class="for-a11y">평점</span><span class="text text__score">4.8</span><span class="for-a11y">후기</span><span class="text text__num">(843)</span><span class="for-a11y">건</span></span><span class="box__score-buycnt"><span class="text text__buy">구매</span><span class="text text__num">3,136</span><span class="for-a11y">건</span></span></span><span class="box__itemcard-benefit-tag"><span class="box__tag box__tag-coupon"><span class="sprite__smilefresh--before box__inner">15% 쿠폰</span></span></span></a><button type="button" class="sprite__smilefresh--after button__favorite-item" aria-describedby="itemCard_title_2518616472" aria-pressed="false" aria-label="관심상품 등록하기"></button></div></div></div></div></li><li class="list-item"><div class="box__itemcard-container"><div class="box__itemcard-body"><div class="box__itemcard-inner"><a class="link__itemcard" href="https://item.gmarket.co.kr/Item?goodscode=3951322870" tabindex="-1" aria-hidden="true"><span class="box__itemcard-img"><img class="image__itemcard no-js-400?ver=1725092617" src="data:image/gif;base64,R0lGODlhAQABAIAAAP///wAAACH5BAEAAAAALAAAAAABAAEAAAICRAEAOw==" alt="오뚜기 튀김가루 1kg - 상품 이미지"/><noscript><style>.no-js-400?ver=1725092617 { display: none !important; }</style><img class="image__itemcard" src="https://gdimg.gmarket.co.kr/3951322870/still/400?ver=1725092617" alt="오뚜기 튀김가루 1kg - 상품 이미지"/></noscript></span></a><div class="box__itemcard-info"><div class="box__element-info"><div class="element-info-qty"><button aria-describedby="itemCard_title_3951322870" class="sprite__smilefresh--before element-info-qty-minus" aria-disabled="true"><span class="for-a11y">상품 수 <!-- -->1<!-- --> 감소</span></button><span class="element-info-item-qty" aria-describedby="itemCard_title_3951322870"><span class="for-a11y">선택된 수량</span> <!-- -->1</span><button aria-describedby="itemCard_title_3951322870" class="sprite__smilefresh--before element-info-qty-plus"><span class="for-a11y">상품 수 <!-- -->1<!-- --> 증가</span></button></div><button type="button" class="sprite__smilefresh--before element-info-cart" aria-describedby="itemCard_title_3951322870"><span class="for-a11y">장바구니 담기</span></button></div><a href="https://item.gmarket.co.kr/Item?goodscode=3951322870" class="link__itemcard-info"><span class="box__itemcard-title-area" id="itemCard_title_3951322870"><span class="text__brand"><span class="text">오뚜기</span></span><span class="text__title" id="item_title">오뚜기 튀김가루 1kg</span></span><span class="box__itemcard-price-area"><span class="box__price-seller"><span class="for-a11y">판매가</span><strong class="text__price-seller">2,980</strong><span class="text__unit">원</span></span><span class="box__prime-cost"><span class="for-a11y">원가</span><span class="text__unit-cost">(<!-- -->100g당 298원<!-- -->)</span></span></span><span class="box__itemcard-info-score"><span class="sprite__smilefresh--before box__score-awards"><span class="for-a11y">평점</span><span class="text text__score">4.6</span><span class="for-a11y">후기</span><span class="text text__num">(83)</span><span class="for-a11y">건</span></span><span class="box__score-buycnt"><span class="text text__buy">구매</span><span class="text text__num">315</span><span class="for-a11y">건</span></span></span><span class="box__itemcard-benefit-tag"><span class="box__tag box__tag-coupon"><span class="sprite__smilefresh--before box__inner">15% 쿠폰</span></span></span></a><button type="button" class="sprite__smilefresh--after button__favorite-item" aria-describedby="itemCard_title_3951322870" aria-pressed="false" aria-label="관심상품 등록하기"></button></div></div></div></div></li><li class="list-item"><div class="box__itemcard-container"><div class="box__itemcard-body"><div class="box__itemcard-inner"><a class="link__itemcard" href="https://item.gmarket.co.kr/Item?goodscode=2523345726" tabindex="-1" aria-hidden="true"><span class="box__itemcard-img"><img class="image__itemcard no-js-400?ver=1725122188" src="data:image/gif;base64,R0lGODlhAQABAIAAAP///wAAACH5BAEAAAAALAAAAAABAAEAAAICRAEAOw==" alt="고기엔 참소스800g - 상품 이미지"/><noscript><style>.no-js-400?ver=1725122188 { display: none !important; }</style><img class="image__itemcard" src="https://gdimg.gmarket.co.kr/2523345726/still/400?ver=1725122188" alt="고기엔 참소스800g - 상품 이미지"/></noscript></span></a><div class="box__itemcard-info"><div class="box__element-info"><div class="element-info-qty"><button aria-describedby="itemCard_title_2523345726" class="sprite__smilefresh--before element-info-qty-minus" aria-disabled="true"><span class="for-a11y">상품 수 <!-- -->1<!-- --> 감소</span></button><span class="element-info-item-qty" aria-describedby="itemCard_title_2523345726"><span class="for-a11y">선택된 수량</span> <!-- -->1</span><button aria-describedby="itemCard_title_2523345726" class="sprite__smilefresh--before element-info-qty-plus"><span class="for-a11y">상품 수 <!-- -->1<!-- --> 증가</span></button></div><button type="button" class="sprite__smilefresh--before element-info-cart" aria-describedby="itemCard_title_2523345726"><span class="for-a11y">장바구니 담기</span></button></div><a href="https://item.gmarket.co.kr/Item?goodscode=2523345726" class="link__itemcard-info"><span class="box__itemcard-title-area" id="itemCard_title_2523345726"><span class="text__title" id="item_title">고기엔 참소스800g</span></span><span class="box__itemcard-price-area"><span class="box__price-seller"><span class="for-a11y">판매가</span><strong class="text__price-seller">5,680</strong><span class="text__unit">원</span></span></span><span class="box__itemcard-info-score"><span class="sprite__smilefresh--before box__score-awards"><span class="for-a11y">평점</span><span class="text text__score">4.8</span><span class="for-a11y">후기</span><span class="text text__num">(867)</span><span class="for-a11y">건</span></span><span class="box__score-buycnt"><span class="text text__buy">구매</span><span class="text text__num">2,053</span><span class="for-a11y">건</span></span></span><span class="box__itemcard-benefit-tag"><span class="box__tag box__tag-coupon"><span class="sprite__smilefresh--before box__inner">15% 쿠폰</span></span></span></a><button type="button" class="sprite__smilefresh--after button__favorite-item" aria-describedby="itemCard_title_2523345726" aria-pressed="false" aria-label="관심상품 등록하기"></button></div></div></div></div></li><li class="list-item"><div class="box__itemcard-container"><div class="box__itemcard-body"><div class="box__itemcard-inner"><span class="box__thumbnail__label">2개 사면 할인</span><a class="link__itemcard" href="https://item.gmarket.co.kr/Item?goodscode=2519122205" tabindex="-1" aria-hidden="true"><span class="box__itemcard-img"><img class="image__itemcard no-js-400?ver=1725120941" src="data:image/gif;base64,R0lGODlhAQABAIAAAP///wAAACH5BAEAAAAALAAAAAABAAEAAAICRAEAOw==" alt="청정원 맛선생 멸치디포리 국물내기 한알 100g - 상품 이미지"/><noscript><style>.no-js-400?ver=1725120941 { display: none !important; }</style><img class="image__itemcard" src="https://gdimg.gmarket.co.kr/2519122205/still/400?ver=1725120941" alt="청정원 맛선생 멸치디포리 국물내기 한알 100g - 상품 이미지"/></noscript></span></a><div class="box__itemcard-info"><div class="box__element-info"><div class="element-info-qty"><button aria-describedby="itemCard_title_2519122205" class="sprite__smilefresh--before element-info-qty-minus" aria-disabled="true"><span class="for-a11y">상품 수 <!-- -->1<!-- --> 감소</span></button><span class="element-info-item-qty" aria-describedby="itemCard_title_2519122205"><span class="for-a11y">선택된 수량</span> <!-- -->1</span><button aria-describedby="itemCard_title_2519122205" class="sprite__smilefresh--before element-info-qty-plus"><span class="for-a11y">상품 수 <!-- -->1<!-- --> 증가</span></button></div><button type="button" class="sprite__smilefresh--before element-info-cart" aria-describedby="itemCard_title_2519122205"><span class="for-a11y">장바구니 담기</span></button></div><a href="https://item.gmarket.co.kr/Item?goodscode=2519122205" class="link__itemcard-info"><span class="box__itemcard-title-area" id="itemCard_title_2519122205"><span class="text__title" id="item_title">청정원 맛선생 멸치디포리 국물내기 한알 100g</span></span><span class="box__itemcard-price-area"><span class="box__price-seller"><span class="for-a11y">판매가</span><strong class="text__price-seller">9,900</strong><span class="text__unit">원</span></span></span><span class="box__itemcard-info-score"><span class="sprite__smilefresh--before box__score-awards"><span class="for-a11y">평점</span><span class="text text__score">4.7</span><span class="for-a11y">후기</span><span class="text text__num">(482)</span><span class="for-a11y">건</span></span><span class="box__score-buycnt"><span class="text text__buy">구매</span><span class="text text__num">1,793</span><span class="for-a11y">건</span></span></span><span class="box__itemcard-benefit-tag"><span class="box__tag box__tag-coupon"><span class="sprite__smilefresh--before box__inner">15% 쿠폰</span></span></span></a><button type="button" class="sprite__smilefresh--after button__favorite-item" aria-describedby="itemCard_title_2519122205" aria-pressed="false" aria-label="관심상품 등록하기"></button></div></div></div></div></li><li class="list-item"><div class="box__itemcard-container"><div class="box__itemcard-body"><div class="box__itemcard-inner"><a class="link__itemcard" href="https://item.gmarket.co.kr/Item?goodscode=2518574508" tabindex="-1" aria-hidden="true"><span class="box__itemcard-img"><img class="image__itemcard no-js-400?ver=1725092767" src="data:image/gif;base64,R0lGODlhAQABAIAAAP///wAAACH5BAEAAAAALAAAAAABAAEAAAICRAEAOw==" alt="다담 된장찌개 양념500g - 상품 이미지"/><noscript><style>.no-js-400?ver=1725092767 { display: none !important; }</style><img class="image__itemcard" src="https://gdimg.gmarket.co.kr/2518574508/still/400?ver=1725092767" alt="다담 된장찌개 양념500g - 상품 이미지"/></noscript></span></a><div class="box__itemcard-info"><div class="box__element-info"><div class="element-info-qty"><button aria-describedby="itemCard_title_2518574508" class="sprite__smilefresh--before element-info-qty-minus" aria-disabled="true"><span class="for-a11y">상품 수 <!-- -->1<!-- --> 감소</span></button><span class="element-info-item-qty" aria-describedby="itemCard_title_2518574508"><span class="for-a11y">선택된 수량</span> <!-- -->1</span><button aria-describedby="itemCard_title_2518574508" class="sprite__smilefresh--before element-info-qty-plus"><span class="for-a11y">상품 수 <!-- -->1<!-- --> 증가</span></button></div><button type="button" class="sprite__smilefresh--before element-info-cart" aria-describedby="itemCard_title_2518574508"><span class="for-a11y">장바구니 담기</span></button></div><a href="https://item.gmarket.co.kr/Item?goodscode=2518574508" class="link__itemcard-info"><span class="box__itemcard-title-area" id="itemCard_title_2518574508"><span class="text__brand"><span class="text">백설</span></span><span class="text__title" id="item_title">다담 된장찌개 양념500g</span></span><span class="box__itemcard-price-area"><span class="box__price-seller"><span class="for-a11y">판매가</span><strong class="text__price-seller">6,980</strong><span class="text__unit">원</span></span><span class="box__prime-cost"><span class="for-a11y">원가</span><span class="text__unit-cost">(<!-- -->100g당 1,396원<!-- -->)</span></span></span><span class="box__itemcard-info-score"><span class="sprite__smilefresh--before box__score-awards"><span class="for-a11y">평점</span><span class="text text__score">4.8</span><span class="for-a11y">후기</span><span class="text text__num">(5,561)</span><span class="for-a11y">건</span></span><span class="box__score-buycnt"><span class="text text__buy">구매</span><span class="text text__num">24,225</span><span class="for-a11y">건</span></span></span><span class="box__itemcard-benefit-tag"><span class="box__tag box__tag-coupon"><span class="sprite__smilefresh--before box__inner">15% 쿠폰</span></span></span></a><button type="button" class="sprite__smilefresh--after button__favorite-item" aria-describedby="itemCard_title_2518574508" aria-pressed="false" aria-label="관심상품 등록하기"></button></div></div></div></div></li><li class="list-item"><div class="box__itemcard-container"><div class="box__itemcard-body"><div class="box__itemcard-inner"><a class="link__itemcard" href="https://item.gmarket.co.kr/Item?goodscode=2518968924" tabindex="-1" aria-hidden="true"><span class="box__itemcard-img"><img class="image__itemcard no-js-400?ver=1725114095" src="data:image/gif;base64,R0lGODlhAQABAIAAAP///wAAACH5BAEAAAAALAAAAAABAAEAAAICRAEAOw==" alt="고창태양초고춧가루1kg - 상품 이미지"/><noscript><style>.no-js-400?ver=1725114095 { display: none !important; }</style><img class="image__itemcard" src="https://gdimg.gmarket.co.kr/2518968924/still/400?ver=1725114095" alt="고창태양초고춧가루1kg - 상품 이미지"/></noscript></span></a><div class="box__itemcard-info"><div class="box__element-info"><div class="element-info-qty"><button aria-describedby="itemCard_title_2518968924" class="sprite__smilefresh--before element-info-qty-minus" aria-disabled="true"><span class="for-a11y">상품 수 <!-- -->1<!-- --> 감소</span></button><span class="element-info-item-qty" aria-describedby="itemCard_title_2518968924"><span class="for-a11y">선택된 수량</span> <!-- -->1</span><button aria-describedby="itemCard_title_2518968924" class="sprite__smilefresh--before element-info-qty-plus"><span class="for-a11y">상품 수 <!-- -->1<!-- --> 증가</span></button></div><button type="button" class="sprite__smilefresh--before element-info-cart" aria-describedby="itemCard_title_2518968924"><span class="for-a11y">장바구니 담기</span></button></div><a href="https://item.gmarket.co.kr/Item?goodscode=2518968924" class="link__itemcard-info"><span class="box__itemcard-title-area" id="itemCard_title_2518968924"><span class="text__title" id="item_title">고창태양초고춧가루1kg</span></span><span class="box__itemcard-price-area"><span class="box__price-seller"><span class="for-a11y">판매가</span><strong class="text__price-seller">35,880</strong><span class="text__unit">원</span></span></span><span class="box__itemcard-info-score"><span class="sprite__smilefresh--before box__score-awards"><span class="for-a11y">평점</span><span class="text text__score">4.8</span><span class="for-a11y">후기</span><span class="text text__num">(251)</span><span class="for-a11y">건</span></span><span class="box__score-buycnt"><span class="text text__buy">구매</span><span class="text text__num">560</span><span class="for-a11y">건</span></span></span><span class="box__itemcard-benefit-tag"><span class="box__tag box__tag-coupon"><span class="sprite__smilefresh--before box__inner">15% 쿠폰</span></span></span></a><button type="button" class="sprite__smilefresh--after button__favorite-item" aria-describedby="itemCard_title_2518968924" aria-pressed="false" aria-label="관심상품 등록하기"></button></div></div></div></div></li><li class="list-item"><div class="box__itemcard-container"><div class="box__itemcard-body"><div class="box__itemcard-inner"><a class="link__itemcard" href="https://item.gmarket.co.kr/Item?goodscode=2518510379" tabindex="-1" aria-hidden="true"><span class="box__itemcard-img"><img class="image__itemcard no-js-400?ver=1725088019" src="data:image/gif;base64,R0lGODlhAQABAIAAAP///wAAACH5BAEAAAAALAAAAAABAAEAAAICRAEAOw==" alt="오뚜기 파스타소스(미트) 600g - 상품 이미지"/><noscript><style>.no-js-400?ver=1725088019 { display: none !important; }</style><img class="image__itemcard" src="https://gdimg.gmarket.co.kr/2518510379/still/400?ver=1725088019" alt="오뚜기 파스타소스(미트) 600g - 상품 이미지"/></noscript></span></a><div class="box__itemcard-info"><div class="box__element-info"><div class="element-info-qty"><button aria-describedby="itemCard_title_2518510379" class="sprite__smilefresh--before element-info-qty-minus" aria-disabled="true"><span class="for-a11y">상품 수 <!-- -->1<!-- --> 감소</span></button><span class="element-info-item-qty" aria-describedby="itemCard_title_2518510379"><span class="for-a11y">선택된 수량</span> <!-- -->1</span><button aria-describedby="itemCard_title_2518510379" class="sprite__smilefresh--before element-info-qty-plus"><span class="for-a11y">상품 수 <!-- -->1<!-- --> 증가</span></button></div><button type="button" class="sprite__smilefresh--before element-info-cart" aria-describedby="itemCard_title_2518510379"><span class="for-a11y">장바구니 담기</span></button></div><a href="https://item.gmarket.co.kr/Item?goodscode=2518510379" class="link__itemcard-info"><span class="box__itemcard-title-area" id="itemCard_title_2518510379"><span class="text__brand"><span class="text">오뚜기</span></span><span class="text__title" id="item_title">오뚜기 파스타소스(미트) 600g</span></span><span class="box__itemcard-price-area"><span class="box__price-seller"><span class="for-a11y">판매가</span><strong class="text__price-seller">4,980</strong><span class="text__unit">원</span></span><span class="box__prime-cost"><span class="for-a11y">원가</span><strong class="text__dc-rate">16<!-- -->%</strong><span class="text__prime-cost">5,980<span class="text__unit">원</span></span><span class="text__unit-cost">(<!-- -->100g당 830원<!-- -->)</span></span></span><span class="box__itemcard-info-score"><span class="sprite__smilefresh--before box__score-awards"><span class="for-a11y">평점</span><span class="text text__score">4.8</span><span class="for-a11y">후기</span><span class="text text__num">(1,197)</span><span class="for-a11y">건</span></span><span class="box__score-buycnt"><span class="text text__buy">구매</span><span class="text text__num">5,121</span><span class="for-a11y">건</span></span></span><span class="box__itemcard-benefit-tag"><span class="box__tag box__tag-coupon"><span class="sprite__smilefresh--before box__inner">15% 쿠폰</span></span></span></a><button type="button" class="sprite__smilefresh--after button__favorite-item" aria-describedby="itemCard_title_2518510379" aria-pressed="false" aria-label="관심상품 등록하기"></button></div></div></div></div></li><li class="list-item"><div class="box__itemcard-container"><div class="box__itemcard-body"><div class="box__itemcard-inner"><a class="link__itemcard" href="https://item.gmarket.co.kr/Item?goodscode=2522458488" tabindex="-1" aria-hidden="true"><span class="box__itemcard-img"><img class="image__itemcard no-js-400?ver=1725102600" src="data:image/gif;base64,R0lGODlhAQABAIAAAP///wAAACH5BAEAAAAALAAAAAABAAEAAAICRAEAOw==" alt="소비기한 : 24년12월Coosur 카놀라오일1L - 상품 이미지"/><noscript><style>.no-js-400?ver=1725102600 { display: none !important; }</style><img class="image__itemcard" src="https://gdimg.gmarket.co.kr/2522458488/still/400?ver=1725102600" alt="소비기한 : 24년12월Coosur 카놀라오일1L - 상품 이미지"/></noscript></span></a><div class="box__itemcard-info"><div class="box__element-info"><div class="element-info-qty"><button aria-describedby="itemCard_title_2522458488" class="sprite__smilefresh--before element-info-qty-minus" aria-disabled="true"><span class="for-a11y">상품 수 <!-- -->1<!-- --> 감소</span></button><span class="element-info-item-qty" aria-describedby="itemCard_title_2522458488"><span class="for-a11y">선택된 수량</span> <!-- -->1</span><button aria-describedby="itemCard_title_2522458488" class="sprite__smilefresh--before element-info-qty-plus"><span class="for-a11y">상품 수 <!-- -->1<!-- --> 증가</span></button></div><button type="button" class="sprite__smilefresh--before element-info-cart" aria-describedby="itemCard_title_2522458488"><span class="for-a11y">장바구니 담기</span></button></div><a href="https://item.gmarket.co.kr/Item?goodscode=2522458488" class="link__itemcard-info"><span class="box__itemcard-title-area" id="itemCard_title_2522458488"><span class="text__brand"><span class="text">이마트</span></span><span class="text__title" id="item_title">소비기한 : 24년12월Coosur 카놀라오일1L</span></span><span class="box__itemcard-price-area"><span class="box__price-seller"><span class="for-a11y">판매가</span><strong class="text__price-seller">2,100</strong><span class="text__unit">원</span></span><span class="box__prime-cost"><span class="for-a11y">원가</span><strong class="text__dc-rate">42<!-- -->%</strong><span class="text__prime-cost">3,680<span class="text__unit">원</span></span><span class="text__unit-cost">(<!-- -->100mL당 210원<!-- -->)</span></span></span><span class="box__itemcard-info-score"><span class="sprite__smilefresh--before box__score-awards"><span class="for-a11y">평점</span><span class="text text__score">4.7</span><span class="for-a11y">후기</span><span class="text text__num">(395)</span><span class="for-a11y">건</span></span><span class="box__score-buycnt"><span class="text text__buy">구매</span><span class="text text__num">1,944</span><span class="for-a11y">건</span></span></span><span class="box__itemcard-benefit-tag"><span class="box__tag box__tag-coupon"><span class="sprite__smilefresh--before box__inner">15% 쿠폰</span></span></span></a><button type="button" class="sprite__smilefresh--after button__favorite-item" aria-describedby="itemCard_title_2522458488" aria-pressed="false" aria-label="관심상품 등록하기"></button></div></div></div></div></li><li class="list-item"><div class="box__itemcard-container"><div class="box__itemcard-body"><div class="box__itemcard-inner"><a class="link__itemcard" href="https://item.gmarket.co.kr/Item?goodscode=2522858434" tabindex="-1" aria-hidden="true"><span class="box__itemcard-img"><img class="image__itemcard no-js-400?ver=1725576499" src="data:image/gif;base64,R0lGODlhAQABAIAAAP///wAAACH5BAEAAAAALAAAAAABAAEAAAICRAEAOw==" alt="노브랜드 생와사비 43g - 상품 이미지"/><noscript><style>.no-js-400?ver=1725576499 { display: none !important; }</style><img class="image__itemcard" src="https://gdimg.gmarket.co.kr/2522858434/still/400?ver=1725576499" alt="노브랜드 생와사비 43g - 상품 이미지"/></noscript></span></a><div class="box__itemcard-info"><div class="box__element-info"><div class="element-info-qty"><button aria-describedby="itemCard_title_2522858434" class="sprite__smilefresh--before element-info-qty-minus" aria-disabled="true"><span class="for-a11y">상품 수 <!-- -->1<!-- --> 감소</span></button><span class="element-info-item-qty" aria-describedby="itemCard_title_2522858434"><span class="for-a11y">선택된 수량</span> <!-- -->1</span><button aria-describedby="itemCard_title_2522858434" class="sprite__smilefresh--before element-info-qty-plus"><span class="for-a11y">상품 수 <!-- -->1<!-- --> 증가</span></button></div><button type="button" class="sprite__smilefresh--before element-info-cart" aria-describedby="itemCard_title_2522858434"><span class="for-a11y">장바구니 담기</span></button></div><a href="https://item.gmarket.co.kr/Item?goodscode=2522858434" class="link__itemcard-info"><span class="box__itemcard-title-area" id="itemCard_title_2522858434"><span class="text__brand"><span class="text">노브랜드</span></span><span class="text__title" id="item_title">노브랜드 생와사비 43g</span></span><span class="box__itemcard-price-area"><span class="box__price-seller"><span class="for-a11y">판매가</span><strong class="text__price-seller">1,980</strong><span class="text__unit">원</span></span><span class="box__prime-cost"><span class="for-a11y">원가</span><span class="text__unit-cost">(<!-- -->10g당 460원<!-- -->)</span></span></span><span class="box__itemcard-info-score"><span class="sprite__smilefresh--before box__score-awards"><span class="for-a11y">평점</span><span class="text text__score">4.8</span><span class="for-a11y">후기</span><span class="text text__num">(1,603)</span><span class="for-a11y">건</span></span><span class="box__score-buycnt"><span class="text text__buy">구매</span><span class="text text__num">4,709</span><span class="for-a11y">건</span></span></span></a><button type="button" class="sprite__smilefresh--after button__favorite-item" aria-describedby="itemCard_title_2522858434" aria-pressed="false" aria-label="관심상품 등록하기"></button></div></div></div></div></li><li class="list-item"><div class="box__itemcard-container"><div class="box__itemcard-body"><div class="box__itemcard-inner"><a class="link__itemcard" href="https://item.gmarket.co.kr/Item?goodscode=2519452613" tabindex="-1" aria-hidden="true"><span class="box__itemcard-img"><img class="image__itemcard no-js-400?ver=1725124715" src="data:image/gif;base64,R0lGODlhAQABAIAAAP///wAAACH5BAEAAAAALAAAAAABAAEAAAICRAEAOw==" alt="노브랜드 순후추 100g - 상품 이미지"/><noscript><style>.no-js-400?ver=1725124715 { display: none !important; }</style><img class="image__itemcard" src="https://gdimg.gmarket.co.kr/2519452613/still/400?ver=1725124715" alt="노브랜드 순후추 100g - 상품 이미지"/></noscript></span></a><div class="box__itemcard-info"><div class="box__element-info"><div class="element-info-qty"><button aria-describedby="itemCard_title_2519452613" class="sprite__smilefresh--before element-info-qty-minus" aria-disabled="true"><span class="for-a11y">상품 수 <!-- -->1<!-- --> 감소</span></button><span class="element-info-item-qty" aria-describedby="itemCard_title_2519452613"><span class="for-a11y">선택된 수량</span> <!-- -->1</span><button aria-describedby="itemCard_title_2519452613" class="sprite__smilefresh--before element-info-qty-plus"><span class="for-a11y">상품 수 <!-- -->1<!-- --> 증가</span></button></div><button type="button" class="sprite__smilefresh--before element-info-cart" aria-describedby="itemCard_title_2519452613"><span class="for-a11y">장바구니 담기</span></button></div><a href="https://item.gmarket.co.kr/Item?goodscode=2519452613" class="link__itemcard-info"><span class="box__itemcard-title-area" id="itemCard_title_2519452613"><span class="text__brand"><span class="text">노브랜드</span></span><span class="text__title" id="item_title">노브랜드 순후추 100g</span></span><span class="box__itemcard-price-area"><span class="box__price-seller"><span class="for-a11y">판매가</span><strong class="text__price-seller">3,680</strong><span class="text__unit">원</span></span><span class="box__prime-cost"><span class="for-a11y">원가</span><span class="text__unit-cost">(<!-- -->10g당 368원<!-- -->)</span></span></span><span class="box__itemcard-info-score"><span class="sprite__smilefresh--before box__score-awards"><span class="for-a11y">평점</span><span class="text text__score">4.8</span><span class="for-a11y">후기</span><span class="text text__num">(2,429)</span><span class="for-a11y">건</span></span><span class="box__score-buycnt"><span class="text text__buy">구매</span><span class="text text__num">5,203</span><span class="for-a11y">건</span></span></span></a><button type="button" class="sprite__smilefresh--after button__favorite-item" aria-describedby="itemCard_title_2519452613" aria-pressed="false" aria-label="관심상품 등록하기"></button></div></div></div></div></li><li class="list-item"><div class="box__itemcard-container"><div class="box__itemcard-body"><div class="box__itemcard-inner"><a class="link__itemcard" href="https://item.gmarket.co.kr/Item?goodscode=2522746747" tabindex="-1" aria-hidden="true"><span class="box__itemcard-img"><img class="image__itemcard no-js-400?ver=1725105468" src="data:image/gif;base64,R0lGODlhAQABAIAAAP///wAAACH5BAEAAAAALAAAAAABAAEAAAICRAEAOw==" alt="노브랜드 카놀라유 1L - 상품 이미지"/><noscript><style>.no-js-400?ver=1725105468 { display: none !important; }</style><img class="image__itemcard" src="https://gdimg.gmarket.co.kr/2522746747/still/400?ver=1725105468" alt="노브랜드 카놀라유 1L - 상품 이미지"/></noscript></span></a><div class="box__itemcard-info"><div class="box__element-info"><div class="element-info-qty"><button aria-describedby="itemCard_title_2522746747" class="sprite__smilefresh--before element-info-qty-minus" aria-disabled="true"><span class="for-a11y">상품 수 <!-- -->1<!-- --> 감소</span></button><span class="element-info-item-qty" aria-describedby="itemCard_title_2522746747"><span class="for-a11y">선택된 수량</span> <!-- -->1</span><button aria-describedby="itemCard_title_2522746747" class="sprite__smilefresh--before element-info-qty-plus"><span class="for-a11y">상품 수 <!-- -->1<!-- --> 증가</span></button></div><button type="button" class="sprite__smilefresh--before element-info-cart" aria-describedby="itemCard_title_2522746747"><span class="for-a11y">장바구니 담기</span></button></div><a href="https://item.gmarket.co.kr/Item?goodscode=2522746747" class="link__itemcard-info"><span class="box__itemcard-title-area" id="itemCard_title_2522746747"><span class="text__brand"><span class="text">노브랜드</span></span><span class="text__title" id="item_title">노브랜드 카놀라유 1L</span></span><span class="box__itemcard-price-area"><span class="box__price-seller"><span class="for-a11y">판매가</span><strong class="text__price-seller">4,480</strong><span class="text__unit">원</span></span><span class="box__prime-cost"><span class="for-a11y">원가</span><span class="text__unit-cost">(<!-- -->100mL당 448원<!-- -->)</span></span></span><span class="box__itemcard-info-score"><span class="sprite__smilefresh--before box__score-awards"><span class="for-a11y">평점</span><span class="text text__score">4.8</span><span class="for-a11y">후기</span><span class="text text__num">(2,566)</span><span class="for-a11y">건</span></span><span class="box__score-buycnt"><span class="text text__buy">구매</span><span class="text text__num">8,784</span><span class="for-a11y">건</span></span></span></a><button type="button" class="sprite__smilefresh--after button__favorite-item" aria-describedby="itemCard_title_2522746747" aria-pressed="false" aria-label="관심상품 등록하기"></button></div></div></div></div></li><li class="list-item"><div class="box__itemcard-container"><div class="box__itemcard-body"><div class="box__itemcard-inner"><a class="link__itemcard" href="https://item.gmarket.co.kr/Item?goodscode=2523610486" tabindex="-1" aria-hidden="true"><span class="box__itemcard-img"><img class="image__itemcard no-js-400?ver=1725102555" src="data:image/gif;base64,R0lGODlhAQABAIAAAP///wAAACH5BAEAAAAALAAAAAABAAEAAAICRAEAOw==" alt="노브랜드 감자맛전분99.9 350g - 상품 이미지"/><noscript><style>.no-js-400?ver=1725102555 { display: none !important; }</style><img class="image__itemcard" src="https://gdimg.gmarket.co.kr/2523610486/still/400?ver=1725102555" alt="노브랜드 감자맛전분99.9 350g - 상품 이미지"/></noscript></span></a><div class="box__itemcard-info"><div class="box__element-info"><div class="element-info-qty"><button aria-describedby="itemCard_title_2523610486" class="sprite__smilefresh--before element-info-qty-minus" aria-disabled="true"><span class="for-a11y">상품 수 <!-- -->1<!-- --> 감소</span></button><span class="element-info-item-qty" aria-describedby="itemCard_title_2523610486"><span class="for-a11y">선택된 수량</span> <!-- -->1</span><button aria-describedby="itemCard_title_2523610486" class="sprite__smilefresh--before element-info-qty-plus"><span class="for-a11y">상품 수 <!-- -->1<!-- --> 증가</span></button></div><button type="button" class="sprite__smilefresh--before element-info-cart" aria-describedby="itemCard_title_2523610486"><span class="for-a11y">장바구니 담기</span></button></div><a href="https://item.gmarket.co.kr/Item?goodscode=2523610486" class="link__itemcard-info"><span class="box__itemcard-title-area" id="itemCard_title_2523610486"><span class="text__title" id="item_title">노브랜드 감자맛전분99.9 350g</span></span><span class="box__itemcard-price-area"><span class="box__price-seller"><span class="for-a11y">판매가</span><strong class="text__price-seller">2,580</strong><span class="text__unit">원</span></span></span><span class="box__itemcard-info-score"><span class="sprite__smilefresh--before box__score-awards"><span class="for-a11y">평점</span><span class="text text__score">4.7</span><span class="for-a11y">후기</span><span class="text text__num">(2,485)</span><span class="for-a11y">건</span></span><span class="box__score-buycnt"><span class="text text__buy">구매</span><span class="text text__num">6,203</span><span class="for-a11y">건</span></span></span></a><button type="button" class="sprite__smilefresh--after button__favorite-item" aria-describedby="itemCard_title_2523610486" aria-pressed="false" aria-label="관심상품 등록하기"></button></div></div></div></div></li><li class="list-item"><div class="box__itemcard-container"><div class="box__itemcard-body"><div class="box__itemcard-inner"><a class="link__itemcard" href="https://item.gmarket.co.kr/Item?goodscode=2518504610" tabindex="-1" aria-hidden="true"><span class="box__itemcard-img"><img class="image__itemcard no-js-400?ver=1725088399" src="data:image/gif;base64,R0lGODlhAQABAIAAAP///wAAACH5BAEAAAAALAAAAAABAAEAAAICRAEAOw==" alt="CJ백설 올리고당 1.2kg - 상품 이미지"/><noscript><style>.no-js-400?ver=1725088399 { display: none !important; }</style><img class="image__itemcard" src="https://gdimg.gmarket.co.kr/2518504610/still/400?ver=1725088399" alt="CJ백설 올리고당 1.2kg - 상품 이미지"/></noscript></span></a><div class="box__itemcard-info"><div class="box__element-info"><div class="element-info-qty"><button aria-describedby="itemCard_title_2518504610" class="sprite__smilefresh--before element-info-qty-minus" aria-disabled="true"><span class="for-a11y">상품 수 <!-- -->1<!-- --> 감소</span></button><span class="element-info-item-qty" aria-describedby="itemCard_title_2518504610"><span class="for-a11y">선택된 수량</span> <!-- -->1</span><button aria-describedby="itemCard_title_2518504610" class="sprite__smilefresh--before element-info-qty-plus"><span class="for-a11y">상품 수 <!-- -->1<!-- --> 증가</span></button></div><button type="button" class="sprite__smilefresh--before element-info-cart" aria-describedby="itemCard_title_2518504610"><span class="for-a11y">장바구니 담기</span></button></div><a href="https://item.gmarket.co.kr/Item?goodscode=2518504610" class="link__itemcard-info"><span class="box__itemcard-title-area" id="itemCard_title_2518504610"><span class="text__brand"><span class="text">백설</span></span><span class="text__title" id="item_title">CJ백설 올리고당 1.2kg</span></span><span class="box__itemcard-price-area"><span class="box__price-seller"><span class="for-a11y">판매가</span><strong class="text__price-seller">4,880</strong><span class="text__unit">원</span></span></span><span class="box__itemcard-info-score"><span class="sprite__smilefresh--before box__score-awards"><span class="for-a11y">평점</span><span class="text text__score">4.8</span><span class="for-a11y">후기</span><span class="text text__num">(857)</span><span class="for-a11y">건</span></span><span class="box__score-buycnt"><span class="text text__buy">구매</span><span class="text text__num">2,921</span><span class="for-a11y">건</span></span></span><span class="box__itemcard-benefit-tag"><span class="box__tag box__tag-coupon"><span class="sprite__smilefresh--before box__inner">15% 쿠폰</span></span></span></a><button type="button" class="sprite__smilefresh--after button__favorite-item" aria-describedby="itemCard_title_2518504610" aria-pressed="false" aria-label="관심상품 등록하기"></button></div></div></div></div></li><li class="list-item"><div class="box__itemcard-container"><div class="box__itemcard-body"><div class="box__itemcard-inner"><a class="link__itemcard" href="https://item.gmarket.co.kr/Item?goodscode=2859245907" tabindex="-1" aria-hidden="true"><span class="box__itemcard-img"><img class="image__itemcard no-js-400?ver=1725129757" src="data:image/gif;base64,R0lGODlhAQABAIAAAP///wAAACH5BAEAAAAALAAAAAABAAEAAAICRAEAOw==" alt="노브랜드 야채더한 국간장 900ml - 상품 이미지"/><noscript><style>.no-js-400?ver=1725129757 { display: none !important; }</style><img class="image__itemcard" src="https://gdimg.gmarket.co.kr/2859245907/still/400?ver=1725129757" alt="노브랜드 야채더한 국간장 900ml - 상품 이미지"/></noscript></span></a><div class="box__itemcard-info"><div class="box__element-info"><div class="element-info-qty"><button aria-describedby="itemCard_title_2859245907" class="sprite__smilefresh--before element-info-qty-minus" aria-disabled="true"><span class="for-a11y">상품 수 <!-- -->1<!-- --> 감소</span></button><span class="element-info-item-qty" aria-describedby="itemCard_title_2859245907"><span class="for-a11y">선택된 수량</span> <!-- -->1</span><button aria-describedby="itemCard_title_2859245907" class="sprite__smilefresh--before element-info-qty-plus"><span class="for-a11y">상품 수 <!-- -->1<!-- --> 증가</span></button></div><button type="button" class="sprite__smilefresh--before element-info-cart" aria-describedby="itemCard_title_2859245907"><span class="for-a11y">장바구니 담기</span></button></div><a href="https://item.gmarket.co.kr/Item?goodscode=2859245907" class="link__itemcard-info"><span class="box__itemcard-title-area" id="itemCard_title_2859245907"><span class="text__brand"><span class="text">노브랜드</span></span><span class="text__title" id="item_title">노브랜드 야채더한 국간장 900ml</span></span><span class="box__itemcard-price-area"><span class="box__price-seller"><span class="for-a11y">판매가</span><strong class="text__price-seller">2,580</strong><span class="text__unit">원</span></span><span class="box__prime-cost"><span class="for-a11y">원가</span><span class="text__unit-cost">(<!-- -->100mL당 287원<!-- -->)</span></span></span><span class="box__itemcard-info-score"><span class="sprite__smilefresh--before box__score-awards"><span class="for-a11y">평점</span><span class="text text__score">4.7</span><span class="for-a11y">후기</span><span class="text text__num">(948)</span><span class="for-a11y">건</span></span><span class="box__score-buycnt"><span class="text text__buy">구매</span><span class="text text__num">1,763</span><span class="for-a11y">건</span></span></span></a><button type="button" class="sprite__smilefresh--after button__favorite-item" aria-describedby="itemCard_title_2859245907" aria-pressed="false" aria-label="관심상품 등록하기"></button></div></div></div></div></li><li class="list-item"><div class="box__itemcard-container"><div class="box__itemcard-body"><div class="box__itemcard-inner"><a class="link__itemcard" href="https://item.gmarket.co.kr/Item?goodscode=3951320302" tabindex="-1" aria-hidden="true"><span class="box__itemcard-img"><img class="image__itemcard no-js-400?ver=1725092597" src="data:image/gif;base64,R0lGODlhAQABAIAAAP///wAAACH5BAEAAAAALAAAAAABAAEAAAICRAEAOw==" alt="오뚜기 이금기 팬더굴소스 510G - 상품 이미지"/><noscript><style>.no-js-400?ver=1725092597 { display: none !important; }</style><img class="image__itemcard" src="https://gdimg.gmarket.co.kr/3951320302/still/400?ver=1725092597" alt="오뚜기 이금기 팬더굴소스 510G - 상품 이미지"/></noscript></span></a><div class="box__itemcard-info"><div class="box__element-info"><div class="element-info-qty"><button aria-describedby="itemCard_title_3951320302" class="sprite__smilefresh--before element-info-qty-minus" aria-disabled="true"><span class="for-a11y">상품 수 <!-- -->1<!-- --> 감소</span></button><span class="element-info-item-qty" aria-describedby="itemCard_title_3951320302"><span class="for-a11y">선택된 수량</span> <!-- -->1</span><button aria-describedby="itemCard_title_3951320302" class="sprite__smilefresh--before element-info-qty-plus"><span class="for-a11y">상품 수 <!-- -->1<!-- --> 증가</span></button></div><button type="button" class="sprite__smilefresh--before element-info-cart" aria-describedby="itemCard_title_3951320302"><span class="for-a11y">장바구니 담기</span></button></div><a href="https://item.gmarket.co.kr/Item?goodscode=3951320302" class="link__itemcard-info"><span class="box__itemcard-title-area" id="itemCard_title_3951320302"><span class="text__brand"><span class="text">이금기</span></span><span class="text__title" id="item_title">오뚜기 이금기 팬더굴소스 510G</span></span><span class="box__itemcard-price-area"><span class="box__price-seller"><span class="for-a11y">판매가</span><strong class="text__price-seller">4,380</strong><span class="text__unit">원</span></span><span class="box__prime-cost"><span class="for-a11y">원가</span><span class="text__unit-cost">(<!-- -->100g당 859원<!-- -->)</span></span></span><span class="box__itemcard-info-score"><span class="sprite__smilefresh--before box__score-awards"><span class="for-a11y">평점</span><span class="text text__score">4.7</span><span class="for-a11y">후기</span><span class="text text__num">(183)</span><span class="for-a11y">건</span></span><span class="box__score-buycnt"><span class="text text__buy">구매</span><span class="text text__num">548</span><span class="for-a11y">건</span></span></span><span class="box__itemcard-benefit-tag"><span class="box__tag box__tag-coupon"><span class="sprite__smilefresh--before box__inner">15% 쿠폰</span></span></span></a><button type="button" class="sprite__smilefresh--after button__favorite-item" aria-describedby="itemCard_title_3951320302" aria-pressed="false" aria-label="관심상품 등록하기"></button></div></div></div></div></li><li class="list-item"><div class="box__itemcard-container"><div class="box__itemcard-body"><div class="box__itemcard-inner"><a class="link__itemcard" href="https://item.gmarket.co.kr/Item?goodscode=4069784343" tabindex="-1" aria-hidden="true"><span class="box__itemcard-img"><img class="image__itemcard no-js-400?ver=1725141087" src="data:image/gif;base64,R0lGODlhAQABAIAAAP///wAAACH5BAEAAAAALAAAAAABAAEAAAICRAEAOw==" alt="노브랜드현미유1L - 상품 이미지"/><noscript><style>.no-js-400?ver=1725141087 { display: none !important; }</style><img class="image__itemcard" src="https://gdimg.gmarket.co.kr/4069784343/still/400?ver=1725141087" alt="노브랜드현미유1L - 상품 이미지"/></noscript></span></a><div class="box__itemcard-info"><div class="box__element-info"><div class="element-info-qty"><button aria-describedby="itemCard_title_4069784343" class="sprite__smilefresh--before element-info-qty-minus" aria-disabled="true"><span class="for-a11y">상품 수 <!-- -->1<!-- --> 감소</span></button><span class="element-info-item-qty" aria-describedby="itemCard_title_4069784343"><span class="for-a11y">선택된 수량</span> <!-- -->1</span><button aria-describedby="itemCard_title_4069784343" class="sprite__smilefresh--before element-info-qty-plus"><span class="for-a11y">상품 수 <!-- -->1<!-- --> 증가</span></button></div><button type="button" class="sprite__smilefresh--before element-info-cart" aria-describedby="itemCard_title_4069784343"><span class="for-a11y">장바구니 담기</span></button></div><a href="https://item.gmarket.co.kr/Item?goodscode=4069784343" class="link__itemcard-info"><span class="box__itemcard-title-area" id="itemCard_title_4069784343"><span class="text__title" id="item_title">노브랜드현미유1L</span></span><span class="box__itemcard-price-area"><span class="box__price-seller"><span class="for-a11y">판매가</span><strong class="text__price-seller">5,980</strong><span class="text__unit">원</span></span></span><span class="box__itemcard-info-score"><span class="sprite__smilefresh--before box__score-awards"><span class="for-a11y">평점</span><span class="text text__score">4.9</span><span class="for-a11y">후기</span><span class="text text__num">(59)</span><span class="for-a11y">건</span></span><span class="box__score-buycnt"><span class="text text__buy">구매</span><span class="text text__num">245</span><span class="for-a11y">건</span></span></span><span class="box__itemcard-benefit-tag"><span class="box__tag box__tag-coupon"><span class="sprite__smilefresh--before box__inner">15% 쿠폰</span></span></span></a><button type="button" class="sprite__smilefresh--after button__favorite-item" aria-describedby="itemCard_title_4069784343" aria-pressed="false" aria-label="관심상품 등록하기"></button></div></div></div></div></li><li class="list-item"><div class="box__itemcard-container"><div class="box__itemcard-body"><div class="box__itemcard-inner"><a class="link__itemcard" href="https://item.gmarket.co.kr/Item?goodscode=2518731526" tabindex="-1" aria-hidden="true"><span class="box__itemcard-img"><img class="image__itemcard no-js-400?ver=1725091667" src="data:image/gif;base64,R0lGODlhAQABAIAAAP///wAAACH5BAEAAAAALAAAAAABAAEAAAICRAEAOw==" alt="데체코 올리브오일 1L - 상품 이미지"/><noscript><style>.no-js-400?ver=1725091667 { display: none !important; }</style><img class="image__itemcard" src="https://gdimg.gmarket.co.kr/2518731526/still/400?ver=1725091667" alt="데체코 올리브오일 1L - 상품 이미지"/></noscript></span></a><div class="box__itemcard-info"><div class="box__element-info"><div class="element-info-qty"><button aria-describedby="itemCard_title_2518731526" class="sprite__smilefresh--before element-info-qty-minus" aria-disabled="true"><span class="for-a11y">상품 수 <!-- -->1<!-- --> 감소</span></button><span class="element-info-item-qty" aria-describedby="itemCard_title_2518731526"><span class="for-a11y">선택된 수량</span> <!-- -->1</span><button aria-describedby="itemCard_title_2518731526" class="sprite__smilefresh--before element-info-qty-plus"><span class="for-a11y">상품 수 <!-- -->1<!-- --> 증가</span></button></div><button type="button" class="sprite__smilefresh--before element-info-cart" aria-describedby="itemCard_title_2518731526"><span class="for-a11y">장바구니 담기</span></button></div><a href="https://item.gmarket.co.kr/Item?goodscode=2518731526" class="link__itemcard-info"><span class="box__itemcard-title-area" id="itemCard_title_2518731526"><span class="text__brand"><span class="text">데체코</span></span><span class="text__title" id="item_title">데체코 올리브오일 1L</span></span><span class="box__itemcard-price-area"><span class="box__price-seller"><span class="for-a11y">판매가</span><strong class="text__price-seller">33,580</strong><span class="text__unit">원</span></span><span class="box__prime-cost"><span class="for-a11y">원가</span><span class="text__unit-cost">(<!-- -->100mL당 3,358원<!-- -->)</span></span></span><span class="box__itemcard-info-score"><span class="sprite__smilefresh--before box__score-awards"><span class="for-a11y">평점</span><span class="text text__score">4.8</span><span class="for-a11y">후기</span><span class="text text__num">(193)</span><span class="for-a11y">건</span></span><span class="box__score-buycnt"><span class="text text__buy">구매</span><span class="text text__num">713</span><span class="for-a11y">건</span></span></span><span class="box__itemcard-benefit-tag"><span class="box__tag box__tag-coupon"><span class="sprite__smilefresh--before box__inner">15% 쿠폰</span></span></span></a><button type="button" class="sprite__smilefresh--after button__favorite-item" aria-describedby="itemCard_title_2518731526" aria-pressed="false" aria-label="관심상품 등록하기"></button></div></div></div></div></li><li class="list-item"><div class="box__itemcard-container"><div class="box__itemcard-body"><div class="box__itemcard-inner"><a class="link__itemcard" href="https://item.gmarket.co.kr/Item?goodscode=2859245983" tabindex="-1" aria-hidden="true"><span class="box__itemcard-img"><img class="image__itemcard no-js-400?ver=1725130290" src="data:image/gif;base64,R0lGODlhAQABAIAAAP///wAAACH5BAEAAAAALAAAAAABAAEAAAICRAEAOw==" alt="노브랜드 다시마 더한 진간장 900ml - 상품 이미지"/><noscript><style>.no-js-400?ver=1725130290 { display: none !important; }</style><img class="image__itemcard" src="https://gdimg.gmarket.co.kr/2859245983/still/400?ver=1725130290" alt="노브랜드 다시마 더한 진간장 900ml - 상품 이미지"/></noscript></span></a><div class="box__itemcard-info"><div class="box__element-info"><div class="element-info-qty"><button aria-describedby="itemCard_title_2859245983" class="sprite__smilefresh--before element-info-qty-minus" aria-disabled="true"><span class="for-a11y">상품 수 <!-- -->1<!-- --> 감소</span></button><span class="element-info-item-qty" aria-describedby="itemCard_title_2859245983"><span class="for-a11y">선택된 수량</span> <!-- -->1</span><button aria-describedby="itemCard_title_2859245983" class="sprite__smilefresh--before element-info-qty-plus"><span class="for-a11y">상품 수 <!-- -->1<!-- --> 증가</span></button></div><button type="button" class="sprite__smilefresh--before element-info-cart" aria-describedby="itemCard_title_2859245983"><span class="for-a11y">장바구니 담기</span></button></div><a href="https://item.gmarket.co.kr/Item?goodscode=2859245983" class="link__itemcard-info"><span class="box__itemcard-title-area" id="itemCard_title_2859245983"><span class="text__brand"><span class="text">노브랜드</span></span><span class="text__title" id="item_title">노브랜드 다시마 더한 진간장 900ml</span></span><span class="box__itemcard-price-area"><span class="box__price-seller"><span class="for-a11y">판매가</span><strong class="text__price-seller">2,580</strong><span class="text__unit">원</span></span><span class="box__prime-cost"><span class="for-a11y">원가</span><span class="text__unit-cost">(<!-- -->100mL당 287원<!-- -->)</span></span></span><span class="box__itemcard-info-score"><span class="sprite__smilefresh--before box__score-awards"><span class="for-a11y">평점</span><span class="text text__score">4.8</span><span class="for-a11y">후기</span><span class="text text__num">(1,929)</span><span class="for-a11y">건</span></span><span class="box__score-buycnt"><span class="text text__buy">구매</span><span class="text text__num">3,969</span><span class="for-a11y">건</span></span></span></a><button type="button" class="sprite__smilefresh--after button__favorite-item" aria-describedby="itemCard_title_2859245983" aria-pressed="false" aria-label="관심상품 등록하기"></button></div></div></div></div></li><li class="list-item"><div class="box__itemcard-container"><div class="box__itemcard-body"><div class="box__itemcard-inner"><a class="link__itemcard" href="https://item.gmarket.co.kr/Item?goodscode=2518746618" tabindex="-1" aria-hidden="true"><span class="box__itemcard-img"><img class="image__itemcard no-js-400?ver=1725091716" src="data:image/gif;base64,R0lGODlhAQABAIAAAP///wAAACH5BAEAAAAALAAAAAABAAEAAAICRAEAOw==" alt="오뚜기 허니 머스타드 소스 535g - 상품 이미지"/><noscript><style>.no-js-400?ver=1725091716 { display: none !important; }</style><img class="image__itemcard" src="https://gdimg.gmarket.co.kr/2518746618/still/400?ver=1725091716" alt="오뚜기 허니 머스타드 소스 535g - 상품 이미지"/></noscript></span></a><div class="box__itemcard-info"><div class="box__element-info"><div class="element-info-qty"><button aria-describedby="itemCard_title_2518746618" class="sprite__smilefresh--before element-info-qty-minus" aria-disabled="true"><span class="for-a11y">상품 수 <!-- -->1<!-- --> 감소</span></button><span class="element-info-item-qty" aria-describedby="itemCard_title_2518746618"><span class="for-a11y">선택된 수량</span> <!-- -->1</span><button aria-describedby="itemCard_title_2518746618" class="sprite__smilefresh--before element-info-qty-plus"><span class="for-a11y">상품 수 <!-- -->1<!-- --> 증가</span></button></div><button type="button" class="sprite__smilefresh--before element-info-cart" aria-describedby="itemCard_title_2518746618"><span class="for-a11y">장바구니 담기</span></button></div><a href="https://item.gmarket.co.kr/Item?goodscode=2518746618" class="link__itemcard-info"><span class="box__itemcard-title-area" id="itemCard_title_2518746618"><span class="text__brand"><span class="text">오뚜기</span></span><span class="text__title" id="item_title">오뚜기 허니 머스타드 소스 535g</span></span><span class="box__itemcard-price-area"><span class="box__price-seller"><span class="for-a11y">판매가</span><strong class="text__price-seller">5,480</strong><span class="text__unit">원</span></span><span class="box__prime-cost"><span class="for-a11y">원가</span><span class="text__unit-cost">(<!-- -->100g당 1,024원<!-- -->)</span></span></span><span class="box__itemcard-info-score"><span class="sprite__smilefresh--before box__score-awards"><span class="for-a11y">평점</span><span class="text text__score">4.8</span><span class="for-a11y">후기</span><span class="text text__num">(851)</span><span class="for-a11y">건</span></span><span class="box__score-buycnt"><span class="text text__buy">구매</span><span class="text text__num">1,839</span><span class="for-a11y">건</span></span></span><span class="box__itemcard-benefit-tag"><span class="box__tag box__tag-coupon"><span class="sprite__smilefresh--before box__inner">15% 쿠폰</span></span></span></a><button type="button" class="sprite__smilefresh--after button__favorite-item" aria-describedby="itemCard_title_2518746618" aria-pressed="false" aria-label="관심상품 등록하기"></button></div></div></div></div></li><li class="list-item"><div class="box__itemcard-container"><div class="box__itemcard-body"><div class="box__itemcard-inner"><a class="link__itemcard" href="https://item.gmarket.co.kr/Item?goodscode=2519062647" tabindex="-1" aria-hidden="true"><span class="box__itemcard-img"><img class="image__itemcard no-js-400?ver=1725092670" src="data:image/gif;base64,R0lGODlhAQABAIAAAP///wAAACH5BAEAAAAALAAAAAABAAEAAAICRAEAOw==" alt="백설  갈색설탕 (중백당) 1kg - 상품 이미지"/><noscript><style>.no-js-400?ver=1725092670 { display: none !important; }</style><img class="image__itemcard" src="https://gdimg.gmarket.co.kr/2519062647/still/400?ver=1725092670" alt="백설  갈색설탕 (중백당) 1kg - 상품 이미지"/></noscript></span></a><div class="box__itemcard-info"><div class="box__element-info"><div class="element-info-qty"><button aria-describedby="itemCard_title_2519062647" class="sprite__smilefresh--before element-info-qty-minus" aria-disabled="true"><span class="for-a11y">상품 수 <!-- -->1<!-- --> 감소</span></button><span class="element-info-item-qty" aria-describedby="itemCard_title_2519062647"><span class="for-a11y">선택된 수량</span> <!-- -->1</span><button aria-describedby="itemCard_title_2519062647" class="sprite__smilefresh--before element-info-qty-plus"><span class="for-a11y">상품 수 <!-- -->1<!-- --> 증가</span></button></div><button type="button" class="sprite__smilefresh--before element-info-cart" aria-describedby="itemCard_title_2519062647"><span class="for-a11y">장바구니 담기</span></button></div><a href="https://item.gmarket.co.kr/Item?goodscode=2519062647" class="link__itemcard-info"><span class="box__itemcard-title-area" id="itemCard_title_2519062647"><span class="text__brand"><span class="text">백설</span></span><span class="text__title" id="item_title">백설  갈색설탕 (중백당) 1kg</span></span><span class="box__itemcard-price-area"><span class="box__price-seller"><span class="for-a11y">판매가</span><strong class="text__price-seller">2,880</strong><span class="text__unit">원</span></span><span class="box__prime-cost"><span class="for-a11y">원가</span><span class="text__unit-cost">(<!-- -->100g당 288원<!-- -->)</span></span></span><span class="box__itemcard-info-score"><span class="sprite__smilefresh--before box__score-awards"><span class="for-a11y">평점</span><span class="text text__score">4.7</span><span class="for-a11y">후기</span><span class="text text__num">(1,780)</span><span class="for-a11y">건</span></span><span class="box__score-buycnt"><span class="text text__buy">구매</span><span class="text text__num">4,955</span><span class="for-a11y">건</span></span></span><span class="box__itemcard-benefit-tag"><span class="box__tag box__tag-coupon"><span class="sprite__smilefresh--before box__inner">15% 쿠폰</span></span></span></a><button type="button" class="sprite__smilefresh--after button__favorite-item" aria-describedby="itemCard_title_2519062647" aria-pressed="false" aria-label="관심상품 등록하기"></button></div></div></div></div></li><li class="list-item"><div class="box__itemcard-container"><div class="box__itemcard-body"><div class="box__itemcard-inner"><a class="link__itemcard" href="https://item.gmarket.co.kr/Item?goodscode=3509920036" tabindex="-1" aria-hidden="true"><span class="box__itemcard-img"><img class="image__itemcard no-js-400?ver=1725135500" src="data:image/gif;base64,R0lGODlhAQABAIAAAP///wAAACH5BAEAAAAALAAAAAABAAEAAAICRAEAOw==" alt="CJ 해찬들 찹쌀태양초고추장 1.85kg - 상품 이미지"/><noscript><style>.no-js-400?ver=1725135500 { display: none !important; }</style><img class="image__itemcard" src="https://gdimg.gmarket.co.kr/3509920036/still/400?ver=1725135500" alt="CJ 해찬들 찹쌀태양초고추장 1.85kg - 상품 이미지"/></noscript></span></a><div class="box__itemcard-info"><div class="box__element-info"><div class="element-info-qty"><button aria-describedby="itemCard_title_3509920036" class="sprite__smilefresh--before element-info-qty-minus" aria-disabled="true"><span class="for-a11y">상품 수 <!-- -->1<!-- --> 감소</span></button><span class="element-info-item-qty" aria-describedby="itemCard_title_3509920036"><span class="for-a11y">선택된 수량</span> <!-- -->1</span><button aria-describedby="itemCard_title_3509920036" class="sprite__smilefresh--before element-info-qty-plus"><span class="for-a11y">상품 수 <!-- -->1<!-- --> 증가</span></button></div><button type="button" class="sprite__smilefresh--before element-info-cart" aria-describedby="itemCard_title_3509920036"><span class="for-a11y">장바구니 담기</span></button></div><a href="https://item.gmarket.co.kr/Item?goodscode=3509920036" class="link__itemcard-info"><span class="box__itemcard-title-area" id="itemCard_title_3509920036"><span class="text__brand"><span class="text">CJ제일제당</span></span><span class="text__title" id="item_title">CJ 해찬들 찹쌀태양초고추장 1.85kg</span></span><span class="box__itemcard-price-area"><span class="box__price-seller"><span class="for-a11y">판매가</span><strong class="text__price-seller">9,880</strong><span class="text__unit">원</span></span></span><span class="box__itemcard-info-score"><span class="sprite__smilefresh--before box__score-awards"><span class="for-a11y">평점</span><span class="text text__score">4.7</span><span class="for-a11y">후기</span><span class="text text__num">(412)</span><span class="for-a11y">건</span></span><span class="box__score-buycnt"><span class="text text__buy">구매</span><span class="text text__num">778</span><span class="for-a11y">건</span></span></span><span class="box__itemcard-benefit-tag"><span class="box__tag box__tag-coupon"><span class="sprite__smilefresh--before box__inner">15% 쿠폰</span></span></span></a><button type="button" class="sprite__smilefresh--after button__favorite-item" aria-describedby="itemCard_title_3509920036" aria-pressed="false" aria-label="관심상품 등록하기"></button></div></div></div></div></li><li class="list-item"><div class="box__itemcard-container"><div class="box__itemcard-body"><div class="box__itemcard-inner"><a class="link__itemcard" href="https://item.gmarket.co.kr/Item?goodscode=2518442116" tabindex="-1" aria-hidden="true"><span class="box__itemcard-img"><img class="image__itemcard no-js-400?ver=1725088400" src="data:image/gif;base64,R0lGODlhAQABAIAAAP///wAAACH5BAEAAAAALAAAAAABAAEAAAICRAEAOw==" alt="청정원 고소한 마요네즈 800g - 상품 이미지"/><noscript><style>.no-js-400?ver=1725088400 { display: none !important; }</style><img class="image__itemcard" src="https://gdimg.gmarket.co.kr/2518442116/still/400?ver=1725088400" alt="청정원 고소한 마요네즈 800g - 상품 이미지"/></noscript></span></a><div class="box__itemcard-info"><div class="box__element-info"><div class="element-info-qty"><button aria-describedby="itemCard_title_2518442116" class="sprite__smilefresh--before element-info-qty-minus" aria-disabled="true"><span class="for-a11y">상품 수 <!-- -->1<!-- --> 감소</span></button><span class="element-info-item-qty" aria-describedby="itemCard_title_2518442116"><span class="for-a11y">선택된 수량</span> <!-- -->1</span><button aria-describedby="itemCard_title_2518442116" class="sprite__smilefresh--before element-info-qty-plus"><span class="for-a11y">상품 수 <!-- -->1<!-- --> 증가</span></button></div><button type="button" class="sprite__smilefresh--before element-info-cart" aria-describedby="itemCard_title_2518442116"><span class="for-a11y">장바구니 담기</span></button></div><a href="https://item.gmarket.co.kr/Item?goodscode=2518442116" class="link__itemcard-info"><span class="box__itemcard-title-area" id="itemCard_title_2518442116"><span class="text__brand"><span class="text">청정원</span></span><span class="text__title" id="item_title">청정원 고소한 마요네즈 800g</span></span><span class="box__itemcard-price-area"><span class="box__price-seller"><span class="for-a11y">판매가</span><strong class="text__price-seller">7,900</strong><span class="text__unit">원</span></span><span class="box__prime-cost"><span class="for-a11y">원가</span><span class="text__unit-cost">(<!-- -->100g당 988원<!-- -->)</span></span></span><span class="box__itemcard-info-score"><span class="sprite__smilefresh--before box__score-awards"><span class="for-a11y">평점</span><span class="text text__score">4.8</span><span class="for-a11y">후기</span><span class="text text__num">(1,116)</span><span class="for-a11y">건</span></span><span class="box__score-buycnt"><span class="text text__buy">구매</span><span class="text text__num">2,313</span><span class="for-a11y">건</span></span></span><span class="box__itemcard-benefit-tag"><span class="box__tag box__tag-coupon"><span class="sprite__smilefresh--before box__inner">15% 쿠폰</span></span></span></a><button type="button" class="sprite__smilefresh--after button__favorite-item" aria-describedby="itemCard_title_2518442116" aria-pressed="false" aria-label="관심상품 등록하기"></button></div></div></div></div></li><li class="list-item"><div class="box__itemcard-container"><div class="box__itemcard-body"><div class="box__itemcard-inner"><a class="link__itemcard" href="https://item.gmarket.co.kr/Item?goodscode=2518496822" tabindex="-1" aria-hidden="true"><span class="box__itemcard-img"><img class="image__itemcard no-js-400?ver=1725092712" src="data:image/gif;base64,R0lGODlhAQABAIAAAP///wAAACH5BAEAAAAALAAAAAABAAEAAAICRAEAOw==" alt="백설  핫케익 믹스 1kg - 상품 이미지"/><noscript><style>.no-js-400?ver=1725092712 { display: none !important; }</style><img class="image__itemcard" src="https://gdimg.gmarket.co.kr/2518496822/still/400?ver=1725092712" alt="백설  핫케익 믹스 1kg - 상품 이미지"/></noscript></span></a><div class="box__itemcard-info"><div class="box__element-info"><div class="element-info-qty"><button aria-describedby="itemCard_title_2518496822" class="sprite__smilefresh--before element-info-qty-minus" aria-disabled="true"><span class="for-a11y">상품 수 <!-- -->1<!-- --> 감소</span></button><span class="element-info-item-qty" aria-describedby="itemCard_title_2518496822"><span class="for-a11y">선택된 수량</span> <!-- -->1</span><button aria-describedby="itemCard_title_2518496822" class="sprite__smilefresh--before element-info-qty-plus"><span class="for-a11y">상품 수 <!-- -->1<!-- --> 증가</span></button></div><button type="button" class="sprite__smilefresh--before element-info-cart" aria-describedby="itemCard_title_2518496822"><span class="for-a11y">장바구니 담기</span></button></div><a href="https://item.gmarket.co.kr/Item?goodscode=2518496822" class="link__itemcard-info"><span class="box__itemcard-title-area" id="itemCard_title_2518496822"><span class="text__brand"><span class="text">백설</span></span><span class="text__title" id="item_title">백설  핫케익 믹스 1kg</span></span><span class="box__itemcard-price-area"><span class="box__price-seller"><span class="for-a11y">판매가</span><strong class="text__price-seller">5,280</strong><span class="text__unit">원</span></span><span class="box__prime-cost"><span class="for-a11y">원가</span><span class="text__unit-cost">(<!-- -->100g당 528원<!-- -->)</span></span></span><span class="box__itemcard-info-score"><span class="sprite__smilefresh--before box__score-awards"><span class="for-a11y">평점</span><span class="text text__score">4.7</span><span class="for-a11y">후기</span><span class="text text__num">(594)</span><span class="for-a11y">건</span></span><span class="box__score-buycnt"><span class="text text__buy">구매</span><span class="text text__num">1,577</span><span class="for-a11y">건</span></span></span><span class="box__itemcard-benefit-tag"><span class="box__tag box__tag-coupon"><span class="sprite__smilefresh--before box__inner">15% 쿠폰</span></span></span></a><button type="button" class="sprite__smilefresh--after button__favorite-item" aria-describedby="itemCard_title_2518496822" aria-pressed="false" aria-label="관심상품 등록하기"></button></div></div></div></div></li></ul></div></div><div class="box__pagination" role="region" aria-label="페이지 이동"><button type="button" class="sprite__smilefresh--before button__previous button__page" disabled=""><span class="icon__arrow"></span><span class="for-a11y">이전 페이지로 이동합니다.</span></button><button class="link__page_number active" aria-current="page">1</button><button type="button" class="link__page_number">2</button><button type="button" class="link__page_number">3</button><button type="button" class="link__page_number">4</button><button type="button" class="link__page_number">5</button><button type="button" class="link__page_number">6</button><button type="button" class="link__page_number">7</button><button type="button" class="link__page_number">8</button><button type="button" class="link__page_number">9</button><button type="button" class="link__page_number">10</button><button type="button" class="sprite__smilefresh--before button__next button__page"><span class="icon__arrow"></span><span class="for-a11y">다음 페이지로 이동합니다.</span></button></div></div></div></div></div></div><div style="min-height:455px"></div><script src="https://script.gmarket.co.kr/mobile/js/common/kr/util/viewability.js"></script><script src="https://script.gmarket.co.kr/js/common/ats_gmkt.js"></script><script src="https://script.gmarket.co.kr/fnp/desktop-layout.js"></script></div><script id="__NEXT_DATA__" type="application/json">{"props":{"pageProps":{"serverData":{"user":{"isSmileClub":false,"hashedCguid":"MuRNNYHW7OuOgugtwPK0Jz7HajIwK5FDq7zFzNnlMPY="},"itemPage":{"error":false,"searchFilter":{"sortOrderby":0,"userAddressInfo":{"address":"로그인을 진행해 주세요","addressExposeType":"LoginRequired","nonDeliveryArea":false},"smileFreshDeliveryGuide":{"deliveryStoreType":"NoneDelivery"},"categories":{"selectedCondition":{"name":"c","value":"100001016","label":"장류/양념/가루/오일","nodeType":"root","depth":0},"selectedConditionType":"root","currentConditions":{"rootNode":[{"name":"c","value":"100001016","label":"장류/양념/가루/오일","nodeType":"root","depth":0}],"node":[{"name":"c","value":"200000098","label":"장류/양념","nodeType":"depth1","depth":1},{"name":"c","value":"200000099","label":"파스타소스/페스토","nodeType":"depth1","depth":1},{"name":"c","value":"200000100","label":"케찹/마요네즈/소스","nodeType":"depth1","depth":1},{"name":"c","value":"200000101","label":"돈까스/스테이크소스","nodeType":"depth1","depth":1},{"name":"c","value":"200000103","label":"샐러드 드레싱","nodeType":"depth1","depth":1},{"name":"c","value":"200000104","label":"밀가루/분말류","nodeType":"depth1","depth":1},{"name":"c","value":"200000105","label":"소금/설탕/후추/향신료","nodeType":"depth1","depth":1},{"name":"c","value":"200000106","label":"조미료/액젓/물엿/식초","nodeType":"depth1","depth":1},{"name":"c","value":"200000107","label":"식용유/참기름/오일류","nodeType":"depth1","depth":1},{"name":"c","value":"200000108","label":"조미료/오일 선물세트","nodeType":"depth1","depth":1},{"name":"c","value":"200000109","label":"시럽/제빵믹스/재료","nodeType":"depth1","depth":1}]},"backButtonConditions":[]},"sdBrands":[{"name":"b","value":26862,"label":"청정원"},{"name":"b","value":24284,"label":"백설"},{"name":"b","value":27774,"label":"오뚜기"},{"name":"b","value":36211,"label":"샘표"},{"name":"b","value":31170,"label":"노브랜드"},{"name":"b","value":26015,"label":"피코크"},{"name":"b","value":22109,"label":"CJ제일제당"},{"name":"b","value":34761,"label":"풀무원"},{"name":"b","value":20698,"label":"폰타나"},{"name":"b","value":94435,"label":"미식관"},{"name":"b","value":31849,"label":"사조해표"},{"name":"b","value":49092,"label":"이금기"},{"name":"b","value":20749,"label":"큐원"},{"name":"b","value":25236,"label":"신송"},{"name":"b","value":90507,"label":"하인즈"},{"name":"b","value":20142,"label":"곰표"},{"name":"b","value":24283,"label":"다시다"},{"name":"b","value":132389,"label":"차오차이"},{"name":"b","value":45112,"label":"하이몬"},{"name":"b","value":47318,"label":"데체코"},{"name":"b","value":31857,"label":"삼양"},{"name":"b","value":35716,"label":"미원"},{"name":"b","value":44069,"label":"움트리"},{"name":"b","value":44079,"label":"기꼬만"},{"name":"b","value":29589,"label":"상촌식품"},{"name":"b","value":44086,"label":"마산명산"},{"name":"b","value":68024,"label":"백쿡"},{"name":"b","value":24872,"label":"바릴라"},{"name":"b","value":81603,"label":"배대감"},{"name":"b","value":29049,"label":"농심"}],"sortOptions":["Popularity","PriceAsc","PriceDesc","NewItemDesc","ReviewCountDesc","HomeShoppingRank"],"promotionGroups":[],"discountBenefits":[],"isBigSmileFilterAvailable":false,"isFilterDisabled":false,"paymentBenefits":[],"filterPreset":{"keywordInfo":{"name":"keyword","label":"결과 내 재검색","prefixKey":"k","isShow":true,"hasData":true},"categoryInfo":{"name":"category","label":"카테고리","prefixKey":"c","isShow":true,"hasData":true},"brandInfo":{"name":"brand","label":"브랜드","prefixKey":"b","isShow":true,"hasData":true},"priceInfo":{"name":"price","label":"가격대","prefixKey":"p","isShow":true,"hasData":true},"paymentBenefitInfo":{"name":"paymentBenefit","label":"결제ㆍ혜택","prefixKey":"pb","isShow":true,"hasData":false}},"isItemResultEmpty":false},"searchContent":{"sortOrderby":0,"pageNo":1,"pageSize":60,"totalResultCount":1387,"banners":[],"bannerCount":0,"itemCount":60,"items":[{"itemNo":"2518442470","itemName":"CJ 다담 순두부 찌개양념 140g","itemUrl":"https://item.gmarket.co.kr/Item?goodscode=2518442470","imageUrl":"//gdimg.gmarket.co.kr/2518442470/still/400?ver=1725092658","sdBrandName":"백설","itemPrice":2380,"buyCount":17210,"reviewPoint":{"starPoint":4.78,"reviewCount":3231},"isBigSmileItem":false,"isSoldOut":false,"couponDiscount":{"discountType":"R","discountPrice":"0","discountRate":"15"},"cardDiscount":{"discountRate":0},"sellerInfo":{"sellCustNo":"155104283","sellLoginId":"emartmall2","nickname":"이마트몰쓱배송","isLmoOfficialSeller":false,"isFashionSquareSeller":false,"isBrandOfficialSeller":false},"hasOption":false,"isAdult":false,"isCartVisible":true,"discountRate":0,"sellPrice":2380,"tagLabels":[{"code":58,"text":"2개 사면 할인","bgColor":"#19C919"}],"buyUnitCount":1,"deliveryCode":"M","unitPrice":{"unit":100,"unitName":"g","price":1700},"rank":1,"lcode":"100000036","mcode":"200001208","scode":"300012562"},{"itemNo":"2518506569","itemName":"백설 올리브오일900ml","itemUrl":"https://item.gmarket.co.kr/Item?goodscode=2518506569","imageUrl":"//gdimg.gmarket.co.kr/2518506569/still/400?ver=1725088014","sdBrandName":"백설","itemPrice":19800,"buyCount":3309,"reviewPoint":{"starPoint":4.76,"reviewCount":880},"isBigSmileItem":false,"isSoldOut":false,"couponDiscount":{"discountType":"R","discountPrice":"0","discountRate":"15"},"cardDiscount":{"discountRate":0},"sellerInfo":{"sellCustNo":"155104283","sellLoginId":"emartmall2","nickname":"이마트몰쓱배송","isLmoOfficialSeller":false,"isFashionSquareSeller":false,"isBrandOfficialSeller":false},"hasOption":false,"isAdult":false,"isCartVisible":true,"discountRate":0,"sellPrice":19800,"tagLabels":[],"buyUnitCount":1,"deliveryCode":"M","unitPrice":{"unit":100,"unitName":"mL","price":2200},"rank":2,"lcode":"100000036","mcode":"200001207","scode":"300004153"},{"itemNo":"2522267557","itemName":"백설 프리미엄 굴소스500g","itemUrl":"https://item.gmarket.co.kr/Item?goodscode=2522267557","imageUrl":"//gdimg.gmarket.co.kr/2522267557/still/400?ver=1725101489","sdBrandName":"백설","itemPrice":7680,"buyCount":3574,"reviewPoint":{"starPoint":4.73,"reviewCount":1075},"isBigSmileItem":false,"isSoldOut":false,"couponDiscount":{"discountType":"R","discountPrice":"0","discountRate":"15"},"cardDiscount":{"discountRate":0},"sellerInfo":{"sellCustNo":"155104283","sellLoginId":"emartmall2","nickname":"이마트몰쓱배송","isLmoOfficialSeller":false,"isFashionSquareSeller":false,"isBrandOfficialSeller":false},"hasOption":false,"isAdult":false,"isCartVisible":true,"discountRate":0,"sellPrice":7680,"tagLabels":[{"code":58,"text":"2개 사면 할인","bgColor":"#19C919"}],"buyUnitCount":1,"deliveryCode":"M","unitPrice":{"unit":100,"unitName":"g","price":1536},"rank":3,"lcode":"100000036","mcode":"200002366","scode":"300024611"},{"itemNo":"2522514198","itemName":"산루카스아보카도오일 1000ml","itemUrl":"https://item.gmarket.co.kr/Item?goodscode=2522514198","imageUrl":"//gdimg.gmarket.co.kr/2522514198/still/400?ver=1725102784","itemPrice":24980,"buyCount":3681,"reviewPoint":{"starPoint":4.79,"reviewCount":939},"isBigSmileItem":false,"isSoldOut":false,"couponDiscount":{"discountType":"R","discountPrice":"0","discountRate":"15"},"cardDiscount":{"discountRate":0},"sellerInfo":{"sellCustNo":"155104283","sellLoginId":"emartmall2","nickname":"이마트몰쓱배송","isLmoOfficialSeller":false,"isFashionSquareSeller":false,"isBrandOfficialSeller":false},"hasOption":false,"isAdult":false,"isCartVisible":true,"discountRate":0,"sellPrice":24980,"tagLabels":[],"buyUnitCount":1,"deliveryCode":"M","rank":4,"lcode":"100000036","mcode":"200001207","scode":"300024646"},{"itemNo":"3175864982","itemName":"백설 멸치디포리가득 육수에는 1분링 80g","itemUrl":"https://item.gmarket.co.kr/Item?goodscode=3175864982","imageUrl":"//gdimg.gmarket.co.kr/3175864982/still/400?ver=1725134781","itemPrice":7980,"buyCount":5122,"reviewPoint":{"starPoint":4.73,"reviewCount":1332},"isBigSmileItem":false,"isSoldOut":false,"couponDiscount":{"discountType":"R","discountPrice":"0","discountRate":"15"},"cardDiscount":{"discountRate":0},"sellerInfo":{"sellCustNo":"155104283","sellLoginId":"emartmall2","nickname":"이마트몰쓱배송","isLmoOfficialSeller":false,"isFashionSquareSeller":false,"isBrandOfficialSeller":false},"hasOption":false,"isAdult":false,"isCartVisible":true,"discountRate":0,"sellPrice":7980,"tagLabels":[{"code":58,"text":"2개 사면 할인","bgColor":"#19C919"}],"buyUnitCount":1,"deliveryCode":"M","rank":5,"lcode":"100000036","mcode":"200001208","scode":"300021915"},{"itemNo":"2518496341","itemName":"오뚜기 토마토케찹500g","itemUrl":"https://item.gmarket.co.kr/Item?goodscode=2518496341","imageUrl":"//gdimg.gmarket.co.kr/2518496341/still/400?ver=1725092688","sdBrandName":"오뚜기","itemPrice":3180,"buyCount":12803,"reviewPoint":{"starPoint":4.81,"reviewCount":3956},"isBigSmileItem":false,"isSoldOut":false,"couponDiscount":{"discountType":"R","discountPrice":"0","discountRate":"15"},"cardDiscount":{"discountRate":0},"sellerInfo":{"sellCustNo":"155104283","sellLoginId":"emartmall2","nickname":"이마트몰쓱배송","isLmoOfficialSeller":false,"isFashionSquareSeller":false,"isBrandOfficialSeller":false},"hasOption":false,"isAdult":false,"isCartVisible":true,"discountRate":0,"sellPrice":3180,"tagLabels":[],"buyUnitCount":1,"deliveryCode":"M","unitPrice":{"unit":100,"unitName":"g","price":636},"rank":6,"lcode":"100000036","mcode":"200002366","scode":"300028703"},{"itemNo":"2518574721","itemName":"백설 대두유1.8L","itemUrl":"https://item.gmarket.co.kr/Item?goodscode=2518574721","imageUrl":"//gdimg.gmarket.co.kr/2518574721/still/400?ver=1725092704","sdBrandName":"백설","itemPrice":6480,"buyCount":10341,"reviewPoint":{"starPoint":4.79,"reviewCount":2956},"isBigSmileItem":false,"isSoldOut":false,"couponDiscount":{"discountType":"R","discountPrice":"0","discountRate":"15"},"cardDiscount":{"discountRate":0},"sellerInfo":{"sellCustNo":"155104283","sellLoginId":"emartmall2","nickname":"이마트몰쓱배송","isLmoOfficialSeller":false,"isFashionSquareSeller":false,"isBrandOfficialSeller":false},"hasOption":false,"isAdult":false,"isCartVisible":true,"discountRate":0,"sellPrice":6480,"tagLabels":[],"buyUnitCount":1,"deliveryCode":"M","unitPrice":{"unit":100,"unitName":"mL","price":360},"rank":7,"lcode":"100000036","mcode":"200001207","scode":"300012409"},{"itemNo":"3391439233","itemName":"백설 고소함가득참기름330ml","itemUrl":"https://item.gmarket.co.kr/Item?goodscode=3391439233","imageUrl":"//gdimg.gmarket.co.kr/3391439233/still/400?ver=1725137542","sdBrandName":"백설","itemPrice":5480,"buyCount":2754,"reviewPoint":{"starPoint":4.69,"reviewCount":925},"isBigSmileItem":false,"isSoldOut":false,"couponDiscount":{"discountType":"R","discountPrice":"0","discountRate":"15"},"cardDiscount":{"discountRate":0},"sellerInfo":{"sellCustNo":"155104283","sellLoginId":"emartmall2","nickname":"이마트몰쓱배송","isLmoOfficialSeller":false,"isFashionSquareSeller":false,"isBrandOfficialSeller":false},"hasOption":false,"isAdult":false,"isCartVisible":true,"discountRate":0,"sellPrice":5480,"tagLabels":[],"buyUnitCount":1,"deliveryCode":"M","unitPrice":{"unit":10,"unitName":"mL","price":166},"rank":8,"lcode":"100000036","mcode":"200001207","scode":"300012408"},{"itemNo":"2518358854","itemName":"해표 식용유900ml","itemUrl":"https://item.gmarket.co.kr/Item?goodscode=2518358854","imageUrl":"//gdimg.gmarket.co.kr/2518358854/still/400?ver=1725088541","sdBrandName":"사조해표","itemPrice":3980,"buyCount":6047,"reviewPoint":{"starPoint":4.76,"reviewCount":1882},"isBigSmileItem":false,"isSoldOut":false,"couponDiscount":{"discountType":"R","discountPrice":"0","discountRate":"15"},"cardDiscount":{"discountRate":0},"sellerInfo":{"sellCustNo":"155104283","sellLoginId":"emartmall2","nickname":"이마트몰쓱배송","isLmoOfficialSeller":false,"isFashionSquareSeller":false,"isBrandOfficialSeller":false},"hasOption":false,"isAdult":false,"isCartVisible":true,"discountRate":0,"sellPrice":3980,"tagLabels":[{"code":68,"text":"전단상품","bgColor":"#19C919"}],"buyUnitCount":1,"deliveryCode":"M","unitPrice":{"unit":100,"unitName":"mL","price":442},"rank":9,"lcode":"100000036","mcode":"200001207","scode":"300012409"},{"itemNo":"2522278051","itemName":"올리비탈 올리브오일 1L(퓨어)","itemUrl":"https://item.gmarket.co.kr/Item?goodscode=2522278051","imageUrl":"//gdimg.gmarket.co.kr/2522278051/still/400?ver=1725101014","sdBrandName":"올리비탈","itemPrice":26500,"buyCount":480,"reviewPoint":{"starPoint":4.74,"reviewCount":192},"isBigSmileItem":false,"isSoldOut":false,"couponDiscount":{"discountType":"R","discountPrice":"0","discountRate":"15"},"cardDiscount":{"discountRate":0},"sellerInfo":{"sellCustNo":"155104283","sellLoginId":"emartmall2","nickname":"이마트몰쓱배송","isLmoOfficialSeller":false,"isFashionSquareSeller":false,"isBrandOfficialSeller":false},"hasOption":false,"isAdult":false,"isCartVisible":true,"discountRate":0,"sellPrice":26500,"tagLabels":[],"buyUnitCount":1,"deliveryCode":"M","unitPrice":{"unit":100,"unitName":"mL","price":2650},"rank":10,"lcode":"100000036","mcode":"200001207","scode":"300004153"},{"itemNo":"2523614161","itemName":"노브랜드 정성깃든고추장 1kg","itemUrl":"https://item.gmarket.co.kr/Item?goodscode=2523614161","imageUrl":"//gdimg.gmarket.co.kr/2523614161/still/400?ver=1725102072","sdBrandName":"노브랜드","itemPrice":3980,"buyCount":12903,"reviewPoint":{"starPoint":4.76,"reviewCount":5359},"isBigSmileItem":false,"isSoldOut":false,"cardDiscount":{"discountRate":0},"sellerInfo":{"sellCustNo":"155104283","sellLoginId":"emartmall2","nickname":"이마트몰쓱배송","isLmoOfficialSeller":false,"isFashionSquareSeller":false,"isBrandOfficialSeller":false},"hasOption":false,"isAdult":false,"isCartVisible":true,"discountRate":0,"sellPrice":3980,"tagLabels":[],"buyUnitCount":1,"deliveryCode":"M","unitPrice":{"unit":100,"unitName":"g","price":398},"rank":11,"lcode":"100000036","mcode":"200002368","scode":"300012414"},{"itemNo":"2523610809","itemName":"노브랜드 정성깃든쌈장 500g","itemUrl":"https://item.gmarket.co.kr/Item?goodscode=2523610809","imageUrl":"//gdimg.gmarket.co.kr/2523610809/still/400?ver=1725102552","sdBrandName":"노브랜드","itemPrice":1980,"buyCount":20369,"reviewPoint":{"starPoint":4.75,"reviewCount":8194},"isBigSmileItem":false,"isSoldOut":false,"cardDiscount":{"discountRate":0},"sellerInfo":{"sellCustNo":"155104283","sellLoginId":"emartmall2","nickname":"이마트몰쓱배송","isLmoOfficialSeller":false,"isFashionSquareSeller":false,"isBrandOfficialSeller":false},"hasOption":false,"isAdult":false,"isCartVisible":true,"discountRate":0,"sellPrice":1980,"tagLabels":[],"buyUnitCount":1,"deliveryCode":"M","unitPrice":{"unit":100,"unitName":"g","price":396},"rank":12,"lcode":"100000036","mcode":"200002368","scode":"300028676"},{"itemNo":"2523423393","itemName":"노브랜드 홈스타일 크림 스파게티 소스 400g","itemUrl":"https://item.gmarket.co.kr/Item?goodscode=2523423393","imageUrl":"//gdimg.gmarket.co.kr/2523423393/still/400?ver=1725100385","sdBrandName":"노브랜드","itemPrice":2280,"buyCount":17442,"reviewPoint":{"starPoint":4.76,"reviewCount":4643},"isBigSmileItem":false,"isSoldOut":false,"cardDiscount":{"discountRate":0},"sellerInfo":{"sellCustNo":"155104283","sellLoginId":"emartmall2","nickname":"이마트몰쓱배송","isLmoOfficialSeller":false,"isFashionSquareSeller":false,"isBrandOfficialSeller":false},"hasOption":false,"isAdult":false,"isCartVisible":true,"discountRate":0,"sellPrice":2280,"tagLabels":[],"buyUnitCount":1,"deliveryCode":"M","unitPrice":{"unit":100,"unitName":"g","price":570},"rank":13,"lcode":"100000036","mcode":"200002366","scode":"300024608"},{"itemNo":"2782031920","itemName":"모니니 클라시코 엑스트라버진 올리브유1L","itemUrl":"https://item.gmarket.co.kr/Item?goodscode=2782031920","imageUrl":"//gdimg.gmarket.co.kr/2782031920/still/400?ver=1725091371","sdBrandName":"모니니","itemPrice":32980,"buyCount":900,"reviewPoint":{"starPoint":4.75,"reviewCount":330},"isBigSmileItem":false,"isSoldOut":false,"couponDiscount":{"discountType":"R","discountPrice":"0","discountRate":"15"},"cardDiscount":{"discountRate":0},"sellerInfo":{"sellCustNo":"155104283","sellLoginId":"emartmall2","nickname":"이마트몰쓱배송","isLmoOfficialSeller":false,"isFashionSquareSeller":false,"isBrandOfficialSeller":false},"hasOption":false,"isAdult":false,"isCartVisible":true,"discountRate":0,"sellPrice":32980,"tagLabels":[],"buyUnitCount":1,"deliveryCode":"M","unitPrice":{"unit":100,"unitName":"mL","price":3298},"rank":14,"lcode":"100000036","mcode":"200001207","scode":"300004153"},{"itemNo":"2518496817","itemName":"백설  하얀설탕 (1kg)","itemUrl":"https://item.gmarket.co.kr/Item?goodscode=2518496817","imageUrl":"//gdimg.gmarket.co.kr/2518496817/still/400?ver=1725092706","sdBrandName":"백설","itemPrice":2330,"buyCount":12954,"reviewPoint":{"starPoint":4.77,"reviewCount":3546},"isBigSmileItem":false,"isSoldOut":false,"couponDiscount":{"discountType":"R","discountPrice":"0","discountRate":"15"},"cardDiscount":{"discountRate":0},"sellerInfo":{"sellCustNo":"155104283","sellLoginId":"emartmall2","nickname":"이마트몰쓱배송","isLmoOfficialSeller":false,"isFashionSquareSeller":false,"isBrandOfficialSeller":false},"hasOption":false,"isAdult":false,"isCartVisible":true,"discountRate":0,"sellPrice":2330,"tagLabels":[{"code":68,"text":"전단상품","bgColor":"#19C919"}],"buyUnitCount":1,"deliveryCode":"M","unitPrice":{"unit":100,"unitName":"g","price":233},"rank":15,"lcode":"100000036","mcode":"200001208","scode":"300028730"},{"itemNo":"3951321519","itemName":"오뚜기 부침가루 1kg","itemUrl":"https://item.gmarket.co.kr/Item?goodscode=3951321519","imageUrl":"//gdimg.gmarket.co.kr/3951321519/still/400?ver=1725092694","sdBrandName":"오뚜기","itemPrice":2980,"buyCount":382,"reviewPoint":{"starPoint":4.75,"reviewCount":112},"isBigSmileItem":false,"isSoldOut":false,"couponDiscount":{"discountType":"R","discountPrice":"0","discountRate":"15"},"cardDiscount":{"discountRate":0},"sellerInfo":{"sellCustNo":"155104283","sellLoginId":"emartmall2","nickname":"이마트몰쓱배송","isLmoOfficialSeller":false,"isFashionSquareSeller":false,"isBrandOfficialSeller":false},"hasOption":false,"isAdult":false,"isCartVisible":true,"discountRate":0,"sellPrice":2980,"tagLabels":[],"buyUnitCount":1,"deliveryCode":"M","unitPrice":{"unit":100,"unitName":"g","price":298},"rank":16,"lcode":"100000036","mcode":"200002367","scode":"300024615"},{"itemNo":"2518481131","itemName":"오뚜기 양조식초 1.8L","itemUrl":"https://item.gmarket.co.kr/Item?goodscode=2518481131","imageUrl":"//gdimg.gmarket.co.kr/2518481131/still/400?ver=1725092675","sdBrandName":"오뚜기","itemPrice":2600,"buyCount":17807,"reviewPoint":{"starPoint":4.75,"reviewCount":5075},"isBigSmileItem":false,"isSoldOut":false,"couponDiscount":{"discountType":"R","discountPrice":"0","discountRate":"15"},"cardDiscount":{"discountRate":0},"sellerInfo":{"sellCustNo":"155104283","sellLoginId":"emartmall2","nickname":"이마트몰쓱배송","isLmoOfficialSeller":false,"isFashionSquareSeller":false,"isBrandOfficialSeller":false},"hasOption":false,"isAdult":false,"isCartVisible":true,"discountRate":0,"sellPrice":2600,"tagLabels":[],"buyUnitCount":1,"deliveryCode":"M","unitPrice":{"unit":10,"unitName":"mL","price":14},"rank":17,"lcode":"100000036","mcode":"200001208","scode":"300012423"},{"itemNo":"2518482826","itemName":"CJ 다시다 쇠고기 골드 1kg","itemUrl":"https://item.gmarket.co.kr/Item?goodscode=2518482826","imageUrl":"//gdimg.gmarket.co.kr/2518482826/still/400?ver=1725088528","sdBrandName":"다시다","itemPrice":20500,"buyCount":2193,"reviewPoint":{"starPoint":4.79,"reviewCount":863},"isBigSmileItem":false,"isSoldOut":false,"couponDiscount":{"discountType":"R","discountPrice":"0","discountRate":"15"},"cardDiscount":{"discountRate":0},"sellerInfo":{"sellCustNo":"155104283","sellLoginId":"emartmall2","nickname":"이마트몰쓱배송","isLmoOfficialSeller":false,"isFashionSquareSeller":false,"isBrandOfficialSeller":false},"hasOption":false,"isAdult":false,"isCartVisible":true,"discountRate":0,"sellPrice":20500,"tagLabels":[],"buyUnitCount":1,"deliveryCode":"M","rank":18,"lcode":"100000036","mcode":"200001208","scode":"300021915"},{"itemNo":"2523423133","itemName":"노브랜드 홈스타일 토마토 스파게티 소스 400g","itemUrl":"https://item.gmarket.co.kr/Item?goodscode=2523423133","imageUrl":"//gdimg.gmarket.co.kr/2523423133/still/400?ver=1725100126","sdBrandName":"노브랜드","itemPrice":2180,"buyCount":16009,"reviewPoint":{"starPoint":4.75,"reviewCount":4364},"isBigSmileItem":false,"isSoldOut":false,"cardDiscount":{"discountRate":0},"sellerInfo":{"sellCustNo":"155104283","sellLoginId":"emartmall2","nickname":"이마트몰쓱배송","isLmoOfficialSeller":false,"isFashionSquareSeller":false,"isBrandOfficialSeller":false},"hasOption":false,"isAdult":false,"isCartVisible":true,"discountRate":0,"sellPrice":2180,"tagLabels":[],"buyUnitCount":1,"deliveryCode":"M","unitPrice":{"unit":100,"unitName":"g","price":545},"rank":19,"lcode":"100000036","mcode":"200002366","scode":"300024608"},{"itemNo":"2522760830","itemName":"풀무원 순생나또 12입 594g","itemUrl":"https://item.gmarket.co.kr/Item?goodscode=2522760830","imageUrl":"//gdimg.gmarket.co.kr/2522760830/still/400?ver=1725105280","sdBrandName":"풀무원","itemPrice":10980,"buyCount":5919,"reviewPoint":{"starPoint":4.7,"reviewCount":2384},"isBigSmileItem":false,"isSoldOut":false,"couponDiscount":{"discountType":"R","discountPrice":"0","discountRate":"15"},"cardDiscount":{"discountRate":0},"sellerInfo":{"sellCustNo":"155104283","sellLoginId":"emartmall2","nickname":"이마트몰쓱배송","isLmoOfficialSeller":false,"isFashionSquareSeller":false,"isBrandOfficialSeller":false},"hasOption":false,"isAdult":false,"isCartVisible":true,"discountRate":0,"sellPrice":10980,"tagLabels":[],"buyUnitCount":1,"deliveryCode":"M","unitPrice":{"unit":100,"unitName":"g","price":1848},"rank":20,"lcode":"100000036","mcode":"200002368","scode":"300024619"},{"itemNo":"2522480551","itemName":"노브랜드 사골육수 500g","itemUrl":"https://item.gmarket.co.kr/Item?goodscode=2522480551","imageUrl":"//gdimg.gmarket.co.kr/2522480551/still/400?ver=1725101477","sdBrandName":"노브랜드","itemPrice":980,"buyCount":54792,"reviewPoint":{"starPoint":4.77,"reviewCount":6503},"isBigSmileItem":false,"isSoldOut":false,"cardDiscount":{"discountRate":0},"sellerInfo":{"sellCustNo":"155104283","sellLoginId":"emartmall2","nickname":"이마트몰쓱배송","isLmoOfficialSeller":false,"isFashionSquareSeller":false,"isBrandOfficialSeller":false},"hasOption":false,"isAdult":false,"isCartVisible":true,"discountRate":0,"sellPrice":980,"tagLabels":[],"buyUnitCount":1,"deliveryCode":"M","rank":21,"lcode":"100000036","mcode":"200000642","scode":"300028692"},{"itemNo":"2518490168","itemName":"해표 포도씨오일900ml","itemUrl":"https://item.gmarket.co.kr/Item?goodscode=2518490168","imageUrl":"//gdimg.gmarket.co.kr/2518490168/still/400?ver=1725088227","sdBrandName":"사조해표","itemPrice":8000,"buyCount":3662,"reviewPoint":{"starPoint":4.79,"reviewCount":935},"isBigSmileItem":false,"isSoldOut":false,"couponDiscount":{"discountType":"R","discountPrice":"0","discountRate":"15"},"cardDiscount":{"discountRate":0},"sellerInfo":{"sellCustNo":"155104283","sellLoginId":"emartmall2","nickname":"이마트몰쓱배송","isLmoOfficialSeller":false,"isFashionSquareSeller":false,"isBrandOfficialSeller":false},"hasOption":false,"isAdult":false,"isCartVisible":true,"discountRate":0,"sellPrice":8000,"tagLabels":[],"buyUnitCount":1,"deliveryCode":"M","unitPrice":{"unit":100,"unitName":"mL","price":889},"rank":22,"lcode":"100000036","mcode":"200001207","scode":"300012411"},{"itemNo":"2625411895","itemName":"대상 미원 맛소금 250g","itemUrl":"https://item.gmarket.co.kr/Item?goodscode=2625411895","imageUrl":"//gdimg.gmarket.co.kr/2625411895/still/400?ver=1725092701","sdBrandName":"미원","itemPrice":1440,"buyCount":8257,"reviewPoint":{"starPoint":4.77,"reviewCount":3179},"isBigSmileItem":false,"isSoldOut":false,"couponDiscount":{"discountType":"R","discountPrice":"0","discountRate":"15"},"cardDiscount":{"discountRate":0},"sellerInfo":{"sellCustNo":"155104283","sellLoginId":"emartmall2","nickname":"이마트몰쓱배송","isLmoOfficialSeller":false,"isFashionSquareSeller":false,"isBrandOfficialSeller":false},"hasOption":false,"isAdult":false,"isCartVisible":true,"discountRate":0,"sellPrice":1440,"tagLabels":[],"buyUnitCount":1,"deliveryCode":"M","unitPrice":{"unit":100,"unitName":"g","price":576},"rank":23,"lcode":"100000036","mcode":"200001208","scode":"300028731"},{"itemNo":"2518496584","itemName":"오뚜기 골드 마요네즈 300g","itemUrl":"https://item.gmarket.co.kr/Item?goodscode=2518496584","imageUrl":"//gdimg.gmarket.co.kr/2518496584/still/400?ver=1725092602","sdBrandName":"오뚜기","itemPrice":3950,"buyCount":9233,"reviewPoint":{"starPoint":4.77,"reviewCount":2794},"isBigSmileItem":false,"isSoldOut":false,"couponDiscount":{"discountType":"R","discountPrice":"0","discountRate":"15"},"cardDiscount":{"discountRate":0},"sellerInfo":{"sellCustNo":"155104283","sellLoginId":"emartmall2","nickname":"이마트몰쓱배송","isLmoOfficialSeller":false,"isFashionSquareSeller":false,"isBrandOfficialSeller":false},"hasOption":false,"isAdult":false,"isCartVisible":true,"discountRate":0,"sellPrice":3950,"tagLabels":[],"buyUnitCount":1,"deliveryCode":"M","unitPrice":{"unit":100,"unitName":"g","price":1317},"rank":24,"lcode":"100000036","mcode":"200002366","scode":"300028703"},{"itemNo":"2518442383","itemName":"몽고 송표간장프라임 1.8L","itemUrl":"https://item.gmarket.co.kr/Item?goodscode=2518442383","imageUrl":"//gdimg.gmarket.co.kr/2518442383/still/400?ver=1725088399","sdBrandName":"마산명산","itemPrice":14980,"buyCount":577,"reviewPoint":{"starPoint":4.76,"reviewCount":170},"isBigSmileItem":false,"isSoldOut":false,"couponDiscount":{"discountType":"R","discountPrice":"0","discountRate":"15"},"cardDiscount":{"discountRate":0},"sellerInfo":{"sellCustNo":"155104283","sellLoginId":"emartmall2","nickname":"이마트몰쓱배송","isLmoOfficialSeller":false,"isFashionSquareSeller":false,"isBrandOfficialSeller":false},"hasOption":false,"isAdult":false,"isCartVisible":true,"discountRate":0,"sellPrice":14980,"tagLabels":[{"code":58,"text":"2개 사면 할인","bgColor":"#19C919"}],"buyUnitCount":1,"deliveryCode":"M","rank":25,"lcode":"100000036","mcode":"200002368","scode":"300024618"},{"itemNo":"2518624786","itemName":"오뚜기 옛날참기름450ml(캔)","itemUrl":"https://item.gmarket.co.kr/Item?goodscode=2518624786","imageUrl":"//gdimg.gmarket.co.kr/2518624786/still/400?ver=1725091572","sdBrandName":"오뚜기","itemPrice":7980,"buyCount":5887,"reviewPoint":{"starPoint":4.73,"reviewCount":1655},"isBigSmileItem":false,"isSoldOut":false,"couponDiscount":{"discountType":"R","discountPrice":"0","discountRate":"15"},"cardDiscount":{"discountRate":0},"sellerInfo":{"sellCustNo":"155104283","sellLoginId":"emartmall2","nickname":"이마트몰쓱배송","isLmoOfficialSeller":false,"isFashionSquareSeller":false,"isBrandOfficialSeller":false},"hasOption":false,"isAdult":false,"isCartVisible":true,"discountRate":0,"sellPrice":7980,"tagLabels":[],"buyUnitCount":1,"deliveryCode":"M","unitPrice":{"unit":10,"unitName":"mL","price":177},"rank":26,"lcode":"100000036","mcode":"200001207","scode":"300012408"},{"itemNo":"3026275596","itemName":"CJ 백설 참치액 진 더 풍부한 맛 500g","itemUrl":"https://item.gmarket.co.kr/Item?goodscode=3026275596","imageUrl":"//gdimg.gmarket.co.kr/3026275596/still/400?ver=1725133166","itemPrice":7980,"buyCount":1163,"reviewPoint":{"starPoint":4.81,"reviewCount":293},"isBigSmileItem":false,"isSoldOut":false,"couponDiscount":{"discountType":"R","discountPrice":"0","discountRate":"15"},"cardDiscount":{"discountRate":0},"sellerInfo":{"sellCustNo":"155104283","sellLoginId":"emartmall2","nickname":"이마트몰쓱배송","isLmoOfficialSeller":false,"isFashionSquareSeller":false,"isBrandOfficialSeller":false},"hasOption":false,"isAdult":false,"isCartVisible":true,"discountRate":0,"sellPrice":7980,"tagLabels":[{"code":58,"text":"2개 사면 할인","bgColor":"#19C919"}],"buyUnitCount":1,"deliveryCode":"M","rank":27,"lcode":"100000036","mcode":"200001208","scode":"300021915"},{"itemNo":"2518497470","itemName":"오뚜기 토마토케찹 300g","itemUrl":"https://item.gmarket.co.kr/Item?goodscode=2518497470","imageUrl":"//gdimg.gmarket.co.kr/2518497470/still/400?ver=1725092613","sdBrandName":"오뚜기","itemPrice":2180,"buyCount":13306,"reviewPoint":{"starPoint":4.78,"reviewCount":4304},"isBigSmileItem":false,"isSoldOut":false,"couponDiscount":{"discountType":"R","discountPrice":"0","discountRate":"15"},"cardDiscount":{"discountRate":0},"sellerInfo":{"sellCustNo":"155104283","sellLoginId":"emartmall2","nickname":"이마트몰쓱배송","isLmoOfficialSeller":false,"isFashionSquareSeller":false,"isBrandOfficialSeller":false},"hasOption":false,"isAdult":false,"isCartVisible":true,"discountRate":0,"sellPrice":2180,"tagLabels":[],"buyUnitCount":1,"deliveryCode":"M","unitPrice":{"unit":100,"unitName":"g","price":727},"rank":28,"lcode":"100000036","mcode":"200002366","scode":"300028703"},{"itemNo":"2903929505","itemName":"피코크 올리브오일 500ml(아르베키나)","itemUrl":"https://item.gmarket.co.kr/Item?goodscode=2903929505","imageUrl":"//gdimg.gmarket.co.kr/2903929505/still/400?ver=1725127630","itemPrice":11480,"buyCount":911,"reviewPoint":{"starPoint":4.79,"reviewCount":262},"isBigSmileItem":false,"isSoldOut":false,"couponDiscount":{"discountType":"R","discountPrice":"0","discountRate":"15"},"cardDiscount":{"discountRate":0},"sellerInfo":{"sellCustNo":"155104283","sellLoginId":"emartmall2","nickname":"이마트몰쓱배송","isLmoOfficialSeller":false,"isFashionSquareSeller":false,"isBrandOfficialSeller":false},"hasOption":false,"isAdult":false,"isCartVisible":true,"discountRate":0,"sellPrice":11480,"tagLabels":[],"buyUnitCount":1,"deliveryCode":"M","rank":29,"lcode":"100000036","mcode":"200001207","scode":"300004153"},{"itemNo":"2600537166","itemName":"노브랜드 데일리머스타드소스335g","itemUrl":"https://item.gmarket.co.kr/Item?goodscode=2600537166","imageUrl":"//gdimg.gmarket.co.kr/2600537166/still/400?ver=1725126700","sdBrandName":"노브랜드","itemPrice":2580,"buyCount":6305,"reviewPoint":{"starPoint":4.75,"reviewCount":3166},"isBigSmileItem":false,"isSoldOut":false,"cardDiscount":{"discountRate":0},"sellerInfo":{"sellCustNo":"155104283","sellLoginId":"emartmall2","nickname":"이마트몰쓱배송","isLmoOfficialSeller":false,"isFashionSquareSeller":false,"isBrandOfficialSeller":false},"hasOption":false,"isAdult":false,"isCartVisible":true,"discountRate":0,"sellPrice":2580,"tagLabels":[],"buyUnitCount":1,"deliveryCode":"M","rank":30,"lcode":"100000036","mcode":"200002366","scode":"300028700"},{"itemNo":"2518358674","itemName":"해표 식용유1.8L","itemUrl":"https://item.gmarket.co.kr/Item?goodscode=2518358674","imageUrl":"//gdimg.gmarket.co.kr/2518358674/still/400?ver=1725092679","sdBrandName":"사조해표","itemPrice":6980,"buyCount":27340,"reviewPoint":{"starPoint":4.79,"reviewCount":3134},"isBigSmileItem":false,"isSoldOut":false,"couponDiscount":{"discountType":"R","discountPrice":"0","discountRate":"15"},"cardDiscount":{"discountRate":0},"sellerInfo":{"sellCustNo":"155104283","sellLoginId":"emartmall2","nickname":"이마트몰쓱배송","isLmoOfficialSeller":false,"isFashionSquareSeller":false,"isBrandOfficialSeller":false},"hasOption":false,"isAdult":false,"isCartVisible":true,"discountRate":0,"sellPrice":6980,"tagLabels":[],"buyUnitCount":1,"deliveryCode":"M","unitPrice":{"unit":100,"unitName":"mL","price":388},"rank":31,"lcode":"100000036","mcode":"200001207","scode":"300012409"},{"itemNo":"2518717808","itemName":"올리비탈 올리브오일1L","itemUrl":"https://item.gmarket.co.kr/Item?goodscode=2518717808","imageUrl":"//gdimg.gmarket.co.kr/2518717808/still/400?ver=1725092033","sdBrandName":"올리비탈","itemPrice":27800,"buyCount":576,"reviewPoint":{"starPoint":4.75,"reviewCount":176},"isBigSmileItem":false,"isSoldOut":false,"couponDiscount":{"discountType":"R","discountPrice":"0","discountRate":"15"},"cardDiscount":{"discountRate":0},"sellerInfo":{"sellCustNo":"155104283","sellLoginId":"emartmall2","nickname":"이마트몰쓱배송","isLmoOfficialSeller":false,"isFashionSquareSeller":false,"isBrandOfficialSeller":false},"hasOption":false,"isAdult":false,"isCartVisible":true,"discountRate":0,"sellPrice":27800,"tagLabels":[],"buyUnitCount":1,"deliveryCode":"M","unitPrice":{"unit":100,"unitName":"mL","price":2780},"rank":32,"lcode":"100000036","mcode":"200001207","scode":"300004153"},{"itemNo":"2625421600","itemName":"노브랜드 굴소스 490g","itemUrl":"https://item.gmarket.co.kr/Item?goodscode=2625421600","imageUrl":"//gdimg.gmarket.co.kr/2625421600/still/400?ver=1725103570","sdBrandName":"노브랜드","itemPrice":3480,"buyCount":5834,"reviewPoint":{"starPoint":4.74,"reviewCount":2505},"isBigSmileItem":false,"isSoldOut":false,"cardDiscount":{"discountRate":0},"sellerInfo":{"sellCustNo":"155104283","sellLoginId":"emartmall2","nickname":"이마트몰쓱배송","isLmoOfficialSeller":false,"isFashionSquareSeller":false,"isBrandOfficialSeller":false},"hasOption":false,"isAdult":false,"isCartVisible":true,"discountRate":0,"sellPrice":3480,"tagLabels":[],"buyUnitCount":1,"deliveryCode":"M","unitPrice":{"unit":100,"unitName":"g","price":710},"rank":33,"lcode":"100000036","mcode":"200002366","scode":"300024611"},{"itemNo":"2522511816","itemName":"미림 900ml","itemUrl":"https://item.gmarket.co.kr/Item?goodscode=2522511816","imageUrl":"//gdimg.gmarket.co.kr/2522511816/still/400?ver=1725102164","sdBrandName":"롯데칠성","itemPrice":3670,"buyCount":5028,"reviewPoint":{"starPoint":4.75,"reviewCount":1783},"isBigSmileItem":false,"isSoldOut":false,"couponDiscount":{"discountType":"R","discountPrice":"0","discountRate":"15"},"cardDiscount":{"discountRate":0},"sellerInfo":{"sellCustNo":"155104283","sellLoginId":"emartmall2","nickname":"이마트몰쓱배송","isLmoOfficialSeller":false,"isFashionSquareSeller":false,"isBrandOfficialSeller":false},"hasOption":false,"isAdult":false,"isCartVisible":true,"discountRate":0,"sellPrice":3670,"tagLabels":[],"buyUnitCount":1,"deliveryCode":"M","rank":34,"lcode":"100000036","mcode":"200001208","scode":"300021915"},{"itemNo":"2518900786","itemName":"노브랜드 중력밀가루 1kg","itemUrl":"https://item.gmarket.co.kr/Item?goodscode=2518900786","imageUrl":"//gdimg.gmarket.co.kr/2518900786/still/400?ver=1725114267","sdBrandName":"노브랜드","itemPrice":1380,"buyCount":6910,"reviewPoint":{"starPoint":4.74,"reviewCount":2653},"isBigSmileItem":false,"isSoldOut":false,"cardDiscount":{"discountRate":0},"sellerInfo":{"sellCustNo":"155104283","sellLoginId":"emartmall2","nickname":"이마트몰쓱배송","isLmoOfficialSeller":false,"isFashionSquareSeller":false,"isBrandOfficialSeller":false},"hasOption":false,"isAdult":false,"isCartVisible":true,"discountRate":0,"sellPrice":1380,"tagLabels":[],"buyUnitCount":1,"deliveryCode":"M","unitPrice":{"unit":100,"unitName":"g","price":138},"rank":35,"lcode":"100000036","mcode":"200002367","scode":"300028698"},{"itemNo":"2903929557","itemName":"피코크 올리브오일 500ml(오히블랑카)","itemUrl":"https://item.gmarket.co.kr/Item?goodscode=2903929557","imageUrl":"//gdimg.gmarket.co.kr/2903929557/still/400?ver=1725127628","itemPrice":11480,"buyCount":668,"reviewPoint":{"starPoint":4.77,"reviewCount":202},"isBigSmileItem":false,"isSoldOut":false,"couponDiscount":{"discountType":"R","discountPrice":"0","discountRate":"15"},"cardDiscount":{"discountRate":0},"sellerInfo":{"sellCustNo":"155104283","sellLoginId":"emartmall2","nickname":"이마트몰쓱배송","isLmoOfficialSeller":false,"isFashionSquareSeller":false,"isBrandOfficialSeller":false},"hasOption":false,"isAdult":false,"isCartVisible":true,"discountRate":0,"sellPrice":11480,"tagLabels":[],"buyUnitCount":1,"deliveryCode":"M","rank":36,"lcode":"100000036","mcode":"200001207","scode":"300004153"},{"itemNo":"2523112832","itemName":"파르키오니 올리브오일1L","itemUrl":"https://item.gmarket.co.kr/Item?goodscode=2523112832","imageUrl":"//gdimg.gmarket.co.kr/2523112832/still/400?ver=1725099922","itemPrice":27800,"buyCount":131,"reviewPoint":{"starPoint":4.58,"reviewCount":46},"isBigSmileItem":false,"isSoldOut":false,"couponDiscount":{"discountType":"R","discountPrice":"0","discountRate":"15"},"cardDiscount":{"discountRate":0},"sellerInfo":{"sellCustNo":"155104283","sellLoginId":"emartmall2","nickname":"이마트몰쓱배송","isLmoOfficialSeller":false,"isFashionSquareSeller":false,"isBrandOfficialSeller":false},"hasOption":false,"isAdult":false,"isCartVisible":true,"discountRate":0,"sellPrice":27800,"tagLabels":[],"buyUnitCount":1,"deliveryCode":"M","unitPrice":{"unit":100,"unitName":"mL","price":2780},"rank":37,"lcode":"100000036","mcode":"200001207","scode":"300004153"},{"itemNo":"2518616472","itemName":"백설  소갈비 양념 500g","itemUrl":"https://item.gmarket.co.kr/Item?goodscode=2518616472","imageUrl":"//gdimg.gmarket.co.kr/2518616472/still/400?ver=1725091391","sdBrandName":"백설","itemPrice":3480,"buyCount":3136,"reviewPoint":{"starPoint":4.79,"reviewCount":843},"isBigSmileItem":false,"isSoldOut":false,"couponDiscount":{"discountType":"R","discountPrice":"0","discountRate":"15"},"cardDiscount":{"discountRate":0},"sellerInfo":{"sellCustNo":"155104283","sellLoginId":"emartmall2","nickname":"이마트몰쓱배송","isLmoOfficialSeller":false,"isFashionSquareSeller":false,"isBrandOfficialSeller":false},"hasOption":false,"isAdult":false,"isCartVisible":true,"discountRate":0,"sellPrice":3480,"tagLabels":[],"buyUnitCount":1,"deliveryCode":"M","unitPrice":{"unit":100,"unitName":"g","price":696},"rank":38,"lcode":"100000036","mcode":"200001208","scode":"300012562"},{"itemNo":"3951322870","itemName":"오뚜기 튀김가루 1kg","itemUrl":"https://item.gmarket.co.kr/Item?goodscode=3951322870","imageUrl":"//gdimg.gmarket.co.kr/3951322870/still/400?ver=1725092617","sdBrandName":"오뚜기","itemPrice":2980,"buyCount":315,"reviewPoint":{"starPoint":4.63,"reviewCount":83},"isBigSmileItem":false,"isSoldOut":false,"couponDiscount":{"discountType":"R","discountPrice":"0","discountRate":"15"},"cardDiscount":{"discountRate":0},"sellerInfo":{"sellCustNo":"155104283","sellLoginId":"emartmall2","nickname":"이마트몰쓱배송","isLmoOfficialSeller":false,"isFashionSquareSeller":false,"isBrandOfficialSeller":false},"hasOption":false,"isAdult":false,"isCartVisible":true,"discountRate":0,"sellPrice":2980,"tagLabels":[],"buyUnitCount":1,"deliveryCode":"M","unitPrice":{"unit":100,"unitName":"g","price":298},"rank":39,"lcode":"100000036","mcode":"200002367","scode":"300024615"},{"itemNo":"2523345726","itemName":"고기엔 참소스800g","itemUrl":"https://item.gmarket.co.kr/Item?goodscode=2523345726","imageUrl":"//gdimg.gmarket.co.kr/2523345726/still/400?ver=1725122188","itemPrice":5680,"buyCount":2053,"reviewPoint":{"starPoint":4.83,"reviewCount":867},"isBigSmileItem":false,"isSoldOut":false,"couponDiscount":{"discountType":"R","discountPrice":"0","discountRate":"15"},"cardDiscount":{"discountRate":0},"sellerInfo":{"sellCustNo":"155104283","sellLoginId":"emartmall2","nickname":"이마트몰쓱배송","isLmoOfficialSeller":false,"isFashionSquareSeller":false,"isBrandOfficialSeller":false},"hasOption":false,"isAdult":false,"isCartVisible":true,"discountRate":0,"sellPrice":5680,"tagLabels":[],"buyUnitCount":1,"deliveryCode":"M","rank":40,"lcode":"100000036","mcode":"200002366","scode":"300028700"},{"itemNo":"2519122205","itemName":"청정원 맛선생 멸치디포리 국물내기 한알 100g","itemUrl":"https://item.gmarket.co.kr/Item?goodscode=2519122205","imageUrl":"//gdimg.gmarket.co.kr/2519122205/still/400?ver=1725120941","itemPrice":9900,"buyCount":1793,"reviewPoint":{"starPoint":4.73,"reviewCount":482},"isBigSmileItem":false,"isSoldOut":false,"couponDiscount":{"discountType":"R","discountPrice":"0","discountRate":"15"},"cardDiscount":{"discountRate":0},"sellerInfo":{"sellCustNo":"155104283","sellLoginId":"emartmall2","nickname":"이마트몰쓱배송","isLmoOfficialSeller":false,"isFashionSquareSeller":false,"isBrandOfficialSeller":false},"hasOption":false,"isAdult":false,"isCartVisible":true,"discountRate":0,"sellPrice":9900,"tagLabels":[{"code":58,"text":"2개 사면 할인","bgColor":"#19C919"}],"buyUnitCount":1,"deliveryCode":"M","rank":41,"lcode":"100000036","mcode":"200001208","scode":"300021915"},{"itemNo":"2518574508","itemName":"다담 된장찌개 양념500g","itemUrl":"https://item.gmarket.co.kr/Item?goodscode=2518574508","imageUrl":"//gdimg.gmarket.co.kr/2518574508/still/400?ver=1725092767","sdBrandName":"백설","itemPrice":6980,"buyCount":24225,"reviewPoint":{"starPoint":4.78,"reviewCount":5561},"isBigSmileItem":false,"isSoldOut":false,"couponDiscount":{"discountType":"R","discountPrice":"0","discountRate":"15"},"cardDiscount":{"discountRate":0},"sellerInfo":{"sellCustNo":"155104283","sellLoginId":"emartmall2","nickname":"이마트몰쓱배송","isLmoOfficialSeller":false,"isFashionSquareSeller":false,"isBrandOfficialSeller":false},"hasOption":false,"isAdult":false,"isCartVisible":true,"discountRate":0,"sellPrice":6980,"tagLabels":[],"buyUnitCount":1,"deliveryCode":"M","unitPrice":{"unit":100,"unitName":"g","price":1396},"rank":42,"lcode":"100000036","mcode":"200001208","scode":"300012562"},{"itemNo":"2518968924","itemName":"고창태양초고춧가루1kg","itemUrl":"https://item.gmarket.co.kr/Item?goodscode=2518968924","imageUrl":"//gdimg.gmarket.co.kr/2518968924/still/400?ver=1725114095","itemPrice":35880,"buyCount":560,"reviewPoint":{"starPoint":4.78,"reviewCount":251},"isBigSmileItem":false,"isSoldOut":false,"couponDiscount":{"discountType":"R","discountPrice":"0","discountRate":"15"},"cardDiscount":{"discountRate":0},"sellerInfo":{"sellCustNo":"155104283","sellLoginId":"emartmall2","nickname":"이마트몰쓱배송","isLmoOfficialSeller":false,"isFashionSquareSeller":false,"isBrandOfficialSeller":false},"hasOption":false,"isAdult":false,"isCartVisible":true,"discountRate":0,"sellPrice":35880,"tagLabels":[],"buyUnitCount":1,"deliveryCode":"M","rank":43,"lcode":"100000036","mcode":"200001208","scode":"300028729"},{"itemNo":"2518510379","itemName":"오뚜기 파스타소스(미트) 600g","itemUrl":"https://item.gmarket.co.kr/Item?goodscode=2518510379","imageUrl":"//gdimg.gmarket.co.kr/2518510379/still/400?ver=1725088019","sdBrandName":"오뚜기","itemPrice":4980,"buyCount":5121,"reviewPoint":{"starPoint":4.79,"reviewCount":1197},"isBigSmileItem":false,"isSoldOut":false,"couponDiscount":{"discountType":"R","discountPrice":"0","discountRate":"15"},"cardDiscount":{"discountRate":0},"sellerInfo":{"sellCustNo":"155104283","sellLoginId":"emartmall2","nickname":"이마트몰쓱배송","isLmoOfficialSeller":false,"isFashionSquareSeller":false,"isBrandOfficialSeller":false},"hasOption":false,"isAdult":false,"isCartVisible":true,"discountRate":16,"sellPrice":5980,"tagLabels":[],"buyUnitCount":1,"deliveryCode":"M","unitPrice":{"unit":100,"unitName":"g","price":830},"rank":44,"lcode":"100000036","mcode":"200002366","scode":"300024608"},{"itemNo":"2522458488","itemName":"소비기한 : 24년12월Coosur 카놀라오일1L","itemUrl":"https://item.gmarket.co.kr/Item?goodscode=2522458488","imageUrl":"//gdimg.gmarket.co.kr/2522458488/still/400?ver=1725102600","sdBrandName":"이마트","itemPrice":2100,"buyCount":1944,"reviewPoint":{"starPoint":4.74,"reviewCount":395},"isBigSmileItem":false,"isSoldOut":false,"couponDiscount":{"discountType":"R","discountPrice":"0","discountRate":"15"},"cardDiscount":{"discountRate":0},"sellerInfo":{"sellCustNo":"155104283","sellLoginId":"emartmall2","nickname":"이마트몰쓱배송","isLmoOfficialSeller":false,"isFashionSquareSeller":false,"isBrandOfficialSeller":false},"hasOption":false,"isAdult":false,"isCartVisible":true,"discountRate":42,"sellPrice":3680,"tagLabels":[],"buyUnitCount":1,"deliveryCode":"M","unitPrice":{"unit":100,"unitName":"mL","price":210},"rank":45,"lcode":"100000036","mcode":"200001207","scode":"300012412"},{"itemNo":"2522858434","itemName":"노브랜드 생와사비 43g","itemUrl":"https://item.gmarket.co.kr/Item?goodscode=2522858434","imageUrl":"//gdimg.gmarket.co.kr/2522858434/still/400?ver=1725576499","sdBrandName":"노브랜드","itemPrice":1980,"buyCount":4709,"reviewPoint":{"starPoint":4.79,"reviewCount":1603},"isBigSmileItem":false,"isSoldOut":false,"cardDiscount":{"discountRate":0},"sellerInfo":{"sellCustNo":"155104283","sellLoginId":"emartmall2","nickname":"이마트몰쓱배송","isLmoOfficialSeller":false,"isFashionSquareSeller":false,"isBrandOfficialSeller":false},"hasOption":false,"isAdult":false,"isCartVisible":true,"discountRate":0,"sellPrice":1980,"tagLabels":[],"buyUnitCount":1,"deliveryCode":"M","unitPrice":{"unit":10,"unitName":"g","price":460},"rank":46,"lcode":"100000036","mcode":"200001208","scode":"300024603"},{"itemNo":"2519452613","itemName":"노브랜드 순후추 100g","itemUrl":"https://item.gmarket.co.kr/Item?goodscode=2519452613","imageUrl":"//gdimg.gmarket.co.kr/2519452613/still/400?ver=1725124715","sdBrandName":"노브랜드","itemPrice":3680,"buyCount":5203,"reviewPoint":{"starPoint":4.75,"reviewCount":2429},"isBigSmileItem":false,"isSoldOut":false,"cardDiscount":{"discountRate":0},"sellerInfo":{"sellCustNo":"155104283","sellLoginId":"emartmall2","nickname":"이마트몰쓱배송","isLmoOfficialSeller":false,"isFashionSquareSeller":false,"isBrandOfficialSeller":false},"hasOption":false,"isAdult":false,"isCartVisible":true,"discountRate":0,"sellPrice":3680,"tagLabels":[],"buyUnitCount":1,"deliveryCode":"M","unitPrice":{"unit":10,"unitName":"g","price":368},"rank":47,"lcode":"100000036","mcode":"200001208","scode":"300024602"},{"itemNo":"2522746747","itemName":"노브랜드 카놀라유 1L","itemUrl":"https://item.gmarket.co.kr/Item?goodscode=2522746747","imageUrl":"//gdimg.gmarket.co.kr/2522746747/still/400?ver=1725105468","sdBrandName":"노브랜드","itemPrice":4480,"buyCount":8784,"reviewPoint":{"starPoint":4.76,"reviewCount":2566},"isBigSmileItem":false,"isSoldOut":false,"cardDiscount":{"discountRate":0},"sellerInfo":{"sellCustNo":"155104283","sellLoginId":"emartmall2","nickname":"이마트몰쓱배송","isLmoOfficialSeller":false,"isFashionSquareSeller":false,"isBrandOfficialSeller":false},"hasOption":false,"isAdult":false,"isCartVisible":true,"discountRate":0,"sellPrice":4480,"tagLabels":[],"buyUnitCount":1,"deliveryCode":"M","unitPrice":{"unit":100,"unitName":"mL","price":448},"rank":48,"lcode":"100000036","mcode":"200001207","scode":"300012412"},{"itemNo":"2523610486","itemName":"노브랜드 감자맛전분99.9 350g","itemUrl":"https://item.gmarket.co.kr/Item?goodscode=2523610486","imageUrl":"//gdimg.gmarket.co.kr/2523610486/still/400?ver=1725102555","itemPrice":2580,"buyCount":6203,"reviewPoint":{"starPoint":4.72,"reviewCount":2485},"isBigSmileItem":false,"isSoldOut":false,"cardDiscount":{"discountRate":0},"sellerInfo":{"sellCustNo":"155104283","sellLoginId":"emartmall2","nickname":"이마트몰쓱배송","isLmoOfficialSeller":false,"isFashionSquareSeller":false,"isBrandOfficialSeller":false},"hasOption":false,"isAdult":false,"isCartVisible":true,"discountRate":0,"sellPrice":2580,"tagLabels":[],"buyUnitCount":1,"deliveryCode":"M","rank":49,"lcode":"100000036","mcode":"200002367","scode":"300028698"},{"itemNo":"2518504610","itemName":"CJ백설 올리고당 1.2kg","itemUrl":"https://item.gmarket.co.kr/Item?goodscode=2518504610","imageUrl":"//gdimg.gmarket.co.kr/2518504610/still/400?ver=1725088399","sdBrandName":"백설","itemPrice":4880,"buyCount":2921,"reviewPoint":{"starPoint":4.77,"reviewCount":857},"isBigSmileItem":false,"isSoldOut":false,"couponDiscount":{"discountType":"R","discountPrice":"0","discountRate":"15"},"cardDiscount":{"discountRate":0},"sellerInfo":{"sellCustNo":"155104283","sellLoginId":"emartmall2","nickname":"이마트몰쓱배송","isLmoOfficialSeller":false,"isFashionSquareSeller":false,"isBrandOfficialSeller":false},"hasOption":false,"isAdult":false,"isCartVisible":true,"discountRate":0,"sellPrice":4880,"tagLabels":[],"buyUnitCount":1,"deliveryCode":"M","rank":50,"lcode":"100000036","mcode":"200001208","scode":"300012416"},{"itemNo":"2859245907","itemName":"노브랜드 야채더한 국간장 900ml","itemUrl":"https://item.gmarket.co.kr/Item?goodscode=2859245907","imageUrl":"//gdimg.gmarket.co.kr/2859245907/still/400?ver=1725129757","sdBrandName":"노브랜드","itemPrice":2580,"buyCount":1763,"reviewPoint":{"starPoint":4.69,"reviewCount":948},"isBigSmileItem":false,"isSoldOut":false,"cardDiscount":{"discountRate":0},"sellerInfo":{"sellCustNo":"155104283","sellLoginId":"emartmall2","nickname":"이마트몰쓱배송","isLmoOfficialSeller":false,"isFashionSquareSeller":false,"isBrandOfficialSeller":false},"hasOption":false,"isAdult":false,"isCartVisible":true,"discountRate":0,"sellPrice":2580,"tagLabels":[],"buyUnitCount":1,"deliveryCode":"M","unitPrice":{"unit":100,"unitName":"mL","price":287},"rank":51,"lcode":"100000036","mcode":"200002368","scode":"300024618"},{"itemNo":"3951320302","itemName":"오뚜기 이금기 팬더굴소스 510G","itemUrl":"https://item.gmarket.co.kr/Item?goodscode=3951320302","imageUrl":"//gdimg.gmarket.co.kr/3951320302/still/400?ver=1725092597","sdBrandName":"이금기","itemPrice":4380,"buyCount":548,"reviewPoint":{"starPoint":4.7,"reviewCount":183},"isBigSmileItem":false,"isSoldOut":false,"couponDiscount":{"discountType":"R","discountPrice":"0","discountRate":"15"},"cardDiscount":{"discountRate":0},"sellerInfo":{"sellCustNo":"155104283","sellLoginId":"emartmall2","nickname":"이마트몰쓱배송","isLmoOfficialSeller":false,"isFashionSquareSeller":false,"isBrandOfficialSeller":false},"hasOption":false,"isAdult":false,"isCartVisible":true,"discountRate":0,"sellPrice":4380,"tagLabels":[],"buyUnitCount":1,"deliveryCode":"M","unitPrice":{"unit":100,"unitName":"g","price":859},"rank":52,"lcode":"100000036","mcode":"200002366","scode":"300024611"},{"itemNo":"4069784343","itemName":"노브랜드현미유1L","itemUrl":"https://item.gmarket.co.kr/Item?goodscode=4069784343","imageUrl":"//gdimg.gmarket.co.kr/4069784343/still/400?ver=1725141087","itemPrice":5980,"buyCount":245,"reviewPoint":{"starPoint":4.91,"reviewCount":59},"isBigSmileItem":false,"isSoldOut":false,"couponDiscount":{"discountType":"R","discountPrice":"0","discountRate":"15"},"cardDiscount":{"discountRate":0},"sellerInfo":{"sellCustNo":"155104283","sellLoginId":"emartmall2","nickname":"이마트몰쓱배송","isLmoOfficialSeller":false,"isFashionSquareSeller":false,"isBrandOfficialSeller":false},"hasOption":false,"isAdult":false,"isCartVisible":true,"discountRate":0,"sellPrice":5980,"tagLabels":[],"buyUnitCount":1,"deliveryCode":"M","rank":53,"lcode":"100000036","mcode":"200001207","scode":"300024646"},{"itemNo":"2518731526","itemName":"데체코 올리브오일 1L","itemUrl":"https://item.gmarket.co.kr/Item?goodscode=2518731526","imageUrl":"//gdimg.gmarket.co.kr/2518731526/still/400?ver=1725091667","sdBrandName":"데체코","itemPrice":33580,"buyCount":713,"reviewPoint":{"starPoint":4.8,"reviewCount":193},"isBigSmileItem":false,"isSoldOut":false,"couponDiscount":{"discountType":"R","discountPrice":"0","discountRate":"15"},"cardDiscount":{"discountRate":0},"sellerInfo":{"sellCustNo":"155104283","sellLoginId":"emartmall2","nickname":"이마트몰쓱배송","isLmoOfficialSeller":false,"isFashionSquareSeller":false,"isBrandOfficialSeller":false},"hasOption":false,"isAdult":false,"isCartVisible":true,"discountRate":0,"sellPrice":33580,"tagLabels":[],"buyUnitCount":1,"deliveryCode":"M","unitPrice":{"unit":100,"unitName":"mL","price":3358},"rank":54,"lcode":"100000036","mcode":"200001207","scode":"300004153"},{"itemNo":"2859245983","itemName":"노브랜드 다시마 더한 진간장 900ml","itemUrl":"https://item.gmarket.co.kr/Item?goodscode=2859245983","imageUrl":"//gdimg.gmarket.co.kr/2859245983/still/400?ver=1725130290","sdBrandName":"노브랜드","itemPrice":2580,"buyCount":3969,"reviewPoint":{"starPoint":4.75,"reviewCount":1929},"isBigSmileItem":false,"isSoldOut":false,"cardDiscount":{"discountRate":0},"sellerInfo":{"sellCustNo":"155104283","sellLoginId":"emartmall2","nickname":"이마트몰쓱배송","isLmoOfficialSeller":false,"isFashionSquareSeller":false,"isBrandOfficialSeller":false},"hasOption":false,"isAdult":false,"isCartVisible":true,"discountRate":0,"sellPrice":2580,"tagLabels":[],"buyUnitCount":1,"deliveryCode":"M","unitPrice":{"unit":100,"unitName":"mL","price":287},"rank":55,"lcode":"100000036","mcode":"200002368","scode":"300024618"},{"itemNo":"2518746618","itemName":"오뚜기 허니 머스타드 소스 535g","itemUrl":"https://item.gmarket.co.kr/Item?goodscode=2518746618","imageUrl":"//gdimg.gmarket.co.kr/2518746618/still/400?ver=1725091716","sdBrandName":"오뚜기","itemPrice":5480,"buyCount":1839,"reviewPoint":{"starPoint":4.79,"reviewCount":851},"isBigSmileItem":false,"isSoldOut":false,"couponDiscount":{"discountType":"R","discountPrice":"0","discountRate":"15"},"cardDiscount":{"discountRate":0},"sellerInfo":{"sellCustNo":"155104283","sellLoginId":"emartmall2","nickname":"이마트몰쓱배송","isLmoOfficialSeller":false,"isFashionSquareSeller":false,"isBrandOfficialSeller":false},"hasOption":false,"isAdult":false,"isCartVisible":true,"discountRate":0,"sellPrice":5480,"tagLabels":[],"buyUnitCount":1,"deliveryCode":"M","unitPrice":{"unit":100,"unitName":"g","price":1024},"rank":56,"lcode":"100000036","mcode":"200002366","scode":"300024610"},{"itemNo":"2519062647","itemName":"백설  갈색설탕 (중백당) 1kg","itemUrl":"https://item.gmarket.co.kr/Item?goodscode=2519062647","imageUrl":"//gdimg.gmarket.co.kr/2519062647/still/400?ver=1725092670","sdBrandName":"백설","itemPrice":2880,"buyCount":4955,"reviewPoint":{"starPoint":4.73,"reviewCount":1780},"isBigSmileItem":false,"isSoldOut":false,"couponDiscount":{"discountType":"R","discountPrice":"0","discountRate":"15"},"cardDiscount":{"discountRate":0},"sellerInfo":{"sellCustNo":"155104283","sellLoginId":"emartmall2","nickname":"이마트몰쓱배송","isLmoOfficialSeller":false,"isFashionSquareSeller":false,"isBrandOfficialSeller":false},"hasOption":false,"isAdult":false,"isCartVisible":true,"discountRate":0,"sellPrice":2880,"tagLabels":[],"buyUnitCount":1,"deliveryCode":"M","unitPrice":{"unit":100,"unitName":"g","price":288},"rank":57,"lcode":"100000036","mcode":"200001208","scode":"300028730"},{"itemNo":"3509920036","itemName":"CJ 해찬들 찹쌀태양초고추장 1.85kg","itemUrl":"https://item.gmarket.co.kr/Item?goodscode=3509920036","imageUrl":"//gdimg.gmarket.co.kr/3509920036/still/400?ver=1725135500","sdBrandName":"CJ제일제당","itemPrice":9880,"buyCount":778,"reviewPoint":{"starPoint":4.71,"reviewCount":412},"isBigSmileItem":false,"isSoldOut":false,"couponDiscount":{"discountType":"R","discountPrice":"0","discountRate":"15"},"cardDiscount":{"discountRate":0},"sellerInfo":{"sellCustNo":"155104283","sellLoginId":"emartmall2","nickname":"이마트몰쓱배송","isLmoOfficialSeller":false,"isFashionSquareSeller":false,"isBrandOfficialSeller":false},"hasOption":false,"isAdult":false,"isCartVisible":true,"discountRate":0,"sellPrice":9880,"tagLabels":[],"buyUnitCount":1,"deliveryCode":"M","rank":58,"lcode":"100000036","mcode":"200002368","scode":"300012414"},{"itemNo":"2518442116","itemName":"청정원 고소한 마요네즈 800g","itemUrl":"https://item.gmarket.co.kr/Item?goodscode=2518442116","imageUrl":"//gdimg.gmarket.co.kr/2518442116/still/400?ver=1725088400","sdBrandName":"청정원","itemPrice":7900,"buyCount":2313,"reviewPoint":{"starPoint":4.79,"reviewCount":1116},"isBigSmileItem":false,"isSoldOut":false,"couponDiscount":{"discountType":"R","discountPrice":"0","discountRate":"15"},"cardDiscount":{"discountRate":0},"sellerInfo":{"sellCustNo":"155104283","sellLoginId":"emartmall2","nickname":"이마트몰쓱배송","isLmoOfficialSeller":false,"isFashionSquareSeller":false,"isBrandOfficialSeller":false},"hasOption":false,"isAdult":false,"isCartVisible":true,"discountRate":0,"sellPrice":7900,"tagLabels":[],"buyUnitCount":1,"deliveryCode":"M","unitPrice":{"unit":100,"unitName":"g","price":988},"rank":59,"lcode":"100000036","mcode":"200002366","scode":"300028703"},{"itemNo":"2518496822","itemName":"백설  핫케익 믹스 1kg","itemUrl":"https://item.gmarket.co.kr/Item?goodscode=2518496822","imageUrl":"//gdimg.gmarket.co.kr/2518496822/still/400?ver=1725092712","sdBrandName":"백설","itemPrice":5280,"buyCount":1577,"reviewPoint":{"starPoint":4.74,"reviewCount":594},"isBigSmileItem":false,"isSoldOut":false,"couponDiscount":{"discountType":"R","discountPrice":"0","discountRate":"15"},"cardDiscount":{"discountRate":0},"sellerInfo":{"sellCustNo":"155104283","sellLoginId":"emartmall2","nickname":"이마트몰쓱배송","isLmoOfficialSeller":false,"isFashionSquareSeller":false,"isBrandOfficialSeller":false},"hasOption":false,"isAdult":false,"isCartVisible":true,"discountRate":0,"sellPrice":5280,"tagLabels":[],"buyUnitCount":1,"deliveryCode":"M","unitPrice":{"unit":100,"unitName":"g","price":528},"rank":60,"lcode":"100000036","mcode":"200002367","scode":"300028698"}]},"additionalItem":{"items":[]},"pagination":{"currentPageNo":1,"pageSize":60,"totalResultCount":1387},"sortOption":"Popularity"},"filterState":[],"bigSmileDay":{"isBigSmileDay":true,"bsdTagImageUrl":"//image.gmarket.co.kr/hanbando/202408/a4e449b9-22a7-4df9-aaa4-148d912fcc83.png","bsdTagAltText":"한가위 빅세일","bsdToggleText":"//image.gmarket.co.kr/hanbando/202408/59082f4f-8cf6-4b62-b345-1072bb0c0d3c.gif","bsdToggleBackGround":"//image.gmarket.co.kr/hanbando/202408/7911f573-e13d-4fcc-80de-3c1fbed2bfdb.png","bsdToggleUseSmileIcon":false,"bsdToggleOnAltText":"한가위 빅세일 필터 ","bsdToggleOffAltText":"한가위 빅세일 필터 "},"isSFC":false}},"__N_SSP":true},"page":"/n/smilefresh/category","query":{"categoryCode":"100001016"},"buildId":"FuleE6RJUYphys9RuEDG0","assetPrefix":"/n/smilefresh","isFallback":false,"gssp":true,"customServer":true,"scriptLoader":[]}</script><script>(function(){function c(){var b=a.contentDocument||a.contentWindow.document;if(b){var d=b.createElement('script');d.innerHTML="window.__CF$cv$params={r:'8bea75072e1fa7dd',t:'MTcyNTU4Mzc0NS4wMDAwMDA='};var a=document.createElement('script');a.nonce='';a.src='/cdn-cgi/challenge-platform/scripts/jsd/main.js';document.getElementsByTagName('head')[0].appendChild(a);";b.getElementsByTagName('head')[0].appendChild(d)}}if(document.body){var a=document.createElement('iframe');a.height=1;a.width=1;a.style.position='absolute';a.style.top=0;a.style.left=0;a.style.border='none';a.style.visibility='hidden';document.body.appendChild(a);if('loading'!==document.readyState)c();else if(window.addEventListener)document.addEventListener('DOMContentLoaded',c);else{var e=document.onreadystatechange||function(){};document.onreadystatechange=function(b){e(b);'loading'!==document.readyState&&(document.onreadystatechange=e,c())}}}})();</script></body></html>