<!DOCTYPE html><html lang="ko" class="no-js platform__web os__windows"><head><meta name="viewport" content="width=1260"/><meta charSet="utf-8"/><meta http-equiv="X-UA-Compatible" content="ie=edge"/><meta name="msapplication-starturl" content="https://www.gmarket.co.kr/n/smilefresh"/><meta property="og:site_name" content="Gmarket"/><meta property="og:title" content="[G마켓] 스마일프레시"/><meta property="og:type" content="website"/><meta property="og:image" content="http://pics.gmarket.co.kr/share/G_smilefresh_1.0.png"/><meta http-equiv="x-dns-prefetch-control" content="on"/><link rel="dns-prefetch" href="https://pics.gmarket.co.kr/"/><link rel="dns-prefetch" href="https://script.gmarket.co.kr/"/><link rel="dns-prefetch" href="https://image.gmarket.co.kr/"/><link rel="dns-prefetch" href="https://gdimg.gmarket.co.kr/"/><link rel="dns-prefetch" href="https://ad-img.gmarket.com/"/><meta name="p:domain_verify" content="f439a07b31c110a1a16c9a468a630af9"/><meta property="fb:admins" content="100000991027914"/><link rel="apple-touch-icon-precomposed" href="http://image.gmarket.co.kr/Gmarket_Mobile_v2/icon_01.png"/><link rel="shortcut icon" href="https://image.gmarket.co.kr/favicon/gmarket.ico"/><link rel="stylesheet" href="https://script.gmarket.co.kr/pc/css/ko/common.css"/><link rel="stylesheet" href="https://script.gmarket.co.kr/pc/css/common/kr/ui/common.css"/><link rel="stylesheet" href="https://script.gmarket.co.kr/pc/css/common/kr/swiper.min.css"/><link rel="stylesheet" href="https://script.gmarket.co.kr/pc/css/application/kr/smilefresh/app.css"/><link rel="stylesheet" href="https://script.gmarket.co.kr/pc/css/common/kr/ui/desktop_layout.css"/><link rel="preload" as="script" href="https://script.gmarket.co.kr/mobile/js/common/kr/util/viewability.js"/><link rel="preload" as="script" href="https://script.gmarket.co.kr/js/common/ats_gmkt.js"/><link rel="preload" as="script" href="https://script.gmarket.co.kr/fnp/desktop-layout.js"/><style>img[class*=no-js],.swiper-lazy.swiper-lazy-loaded{opacity:1;transition:opacity 0.2s;}img[src^=data],.swiper-lazy{opacity:0;}</style><title>스마일프레시 - 생수/음료/주류</title><meta name="description" content="생수/음료/주류 카테고리 상품입니다."/><meta property="og:description" content="생수/음료/주류 카테고리 상품입니다."/><meta property="og:url" content="https://www.gmarket.co.kr/n/smilefresh/category?categoryCode=100001013"/><link rel="canonical" href="category@categoryCode=100001013.html"/><link rel="alternate" media="only screen and (max-width: 640px)" href="https://m.gmarket.co.kr/n/smilefresh/category?categoryCode=100001013"/><meta name="next-head-count" content="33"/><noscript data-n-css=""></noscript><script defer="" nomodule="" src="_next/static/chunks/polyfills-c67a75d1b6f99dc8.js"></script><script defer="" nomodule="" src="_next/static/chunks/polyfills-next-pack-2cc6155c435f3c28.js"></script><script src="_next/static/chunks/webpack-d1ca374413357f9c.js" defer=""></script><script src="_next/static/chunks/framework-0bff4c72fef67389.js" defer=""></script><script src="_next/static/chunks/main-92a66ce9cd5c1b79.js" defer=""></script><script src="_next/static/chunks/pages/_app-e41d5dd9fd26cf09.js" defer=""></script><script src="_next/static/chunks/94a7ad86-beff1d5f4916f37c.js" defer=""></script><script src="_next/static/chunks/c30a072d-b284a345e70d4a79.js" defer=""></script><script src="_next/static/chunks/971-4b1e901bc43526de.js" defer=""></script><script src="_next/static/chunks/765-5e6e5dea54f3191b.js" defer=""></script><script src="_next/static/chunks/186-c103d92344bdb142.js" defer=""></script><script src="_next/static/chunks/29-aeaaef68278b881e.js" defer=""></script><script src="_next/static/chunks/401-32b649bde914004a.js" defer=""></script><script src="_next/static/chunks/233-03ce063c0eec1686.js" defer=""></script><script src="_next/static/chunks/37-724e4d76d42b66f8.js" defer=""></script><script src="_next/static/chunks/pages/n/smilefresh/category-17d9bb5cee77eadc.js" defer=""></script><script src="_next/static/FuleE6RJUYphys9RuEDG0/_buildManifest.js" defer=""></script><script src="_next/static/FuleE6RJUYphys9RuEDG0/_ssgManifest.js" defer=""></script></head><body class="smilefresh"><script>document.documentElement.className = document.documentElement.className.replace('no-js', 'js');</script><noscript><iframe src="https://www.googletagmanager.com/ns.html?id=GTM-MFMM9GV" height="0" width="0" style="display:none;visibility:hidden" title="smilefresh"></iframe></noscript><div id="__next" data-reactroot=""><div id="skip-navigation" class="skip-navigation-simpleheader"><strong class="for-a11y">스킵 네비게이션</strong><ul><li><a href="category@categoryCode=100001013.html#skip-navigation-search">검색창 바로가기</a></li><li><a href="category@categoryCode=100001013.html#button__category-all">전체카테고리 바로가기</a></li><li><a href="category@categoryCode=100001013.html#container">본문 바로가기</a></li></ul></div><div style="min-height:40px"></div><h2 class="for-a11y">스마일프레시 검색창</h2><div id="smile_gnb" class="smilefresh_gnb" role="complementary" style="position:relative;top:0;z-index:400"><div class="gnb_container"><div class="layout_left"><div id="_smilelnb" class="corenavi navi_allmenu"><button type="button" class="navi_opener" aria-label="스마일프레시 카테고리 메뉴" aria-expanded="false" aria-controls="smiledelivery_category_list"><p class="for-a11y">전체메뉴</p><em class="ico_hambugermenu"><span class="line1"></span><span class="line2"></span><span class="line3"></span></em></button></div><h1><a title="스마일프레시" href="../smilefresh.html"><img src="https://pics.gmarket.co.kr/pc/single/kr/smilefresh/logo_smilefresh.png" height="32" alt="스마일프레시"/></a></h1><div class="smile_search"><form method="get" action="https://www.gmarket.co.kr/n/smilefresh/search"><div class="search_box"><input type="text" class="search_input_keyword" name="keyword" title="검색어입력" aria-label="스마일프레시 검색 입력" autoComplete="off" spellcheck="false" autoCorrect="off" autoCapitalize="off" value=""/><input type="submit" value="검색" class="search_btn_ok sp_sd" style="cursor:pointer"/></div><div class="suggestion_search"></div></form></div></div><div class="layout_right"><a href="https://myg.gmarket.co.kr/ContractList/ContractList" class="link__my sp_sd--before">장본내역</a><div class="cart_guage"><a href="https://cart.gmarket.co.kr/ko/cart/smilefresh" class="cart sp_sd"><span class="for-a11y">장바구니</span></a><span class="for-a11y">장바구니에 담긴 상품수</span></div></div></div><div class="box__smilefresh"><div class="box__smilefresh-inner"><ul class="list__tab" aria-label="스마일프레시 메뉴"><li><a class="link__tab" href="../smilefresh.html">홈</a></li><li><a class="link__tab" href="brand.html">브랜드</a></li><li><a class="link__tab" href="best.html">베스트</a></li><li><a class="link__tab" href="sale.html">행사중</a></li><li><a class="link__tab" href="freq-buy.html">자주구매</a></li></ul><a href="guide.html" class="link__guide sprite__smilefresh--after">스마일프레시 알아보기</a></div></div></div><div id="container" role="main"><div class="box__component box__smilefresh-delivery"><div class="box__component-inner"><div class="box__delivery-info login"><span class="sprite__smilefresh--before text__address"><span class="text__state">로그인</span>을 진행해 주세요</span><a class="button__address" href="category@categoryCode=100001013.html">로그인</a></div></div></div><div class="box__smilefresh-content box__smilefresh-category"><div class="box__module-wrap"><div class="box__module-inner"><div class="box__module-title"><h1 class="text__title">생수/음료/주류</h1><span class="text__sub-info" aria-live="polite" aria-atomic="true"><span class="text__deco">623개</span>의 상품</span></div><div class="box__indicator"><div class="box__inner"><ul class="list__location"><li class="list-item"><a href="../smilefresh.html" class="link__location">스마일프레시 홈</a></li><li class="list-item" aria-current="location"><span class="link__location">생수/음료/주류</span></li></ul><ul class="list__sort" aria-label="정렬 옵션"><li class="sprite__smilefresh--before list-item js-active"><button class="button__sort" aria-current="true">판매인기순</button></li><li class="sprite__smilefresh--before list-item"><button class="button__sort" aria-current="false">낮은가격순</button></li><li class="sprite__smilefresh--before list-item"><button class="button__sort" aria-current="false">높은가격순</button></li></ul></div></div></div></div><div class="box__smilefresh-inner"><div class="wrap__filter"><ul class="list__filter"><li class="wrap__filter-item category active"><button type="button" class="sprite__smilefresh--after button__filter-title" aria-expanded="true"><span class="text__filter-title">카테고리</span></button><div class="wrap__filter-item-content" aria-hidden="false"><ul aria-label="1단계"><li class="button__goto-category single active"><label for="category-root-1" class="text__item-name" role="button" tabindex="0" aria-current="true">생수/음료/주류</label><input type="radio" id="category-root-1" name="c" value="100001013" checked=""/></li></ul><ul class="list__items" aria-label="2단계"><li class="item"><label for="category-depth1-1" class="text__item-name" role="button" tabindex="0" aria-current="false">생수</label><input type="radio" id="category-depth1-1" name="c" value="200000071"/></li><li class="item"><label for="category-depth1-2" class="text__item-name" role="button" tabindex="0" aria-current="false">탄산수</label><input type="radio" id="category-depth1-2" name="c" value="200000072"/></li><li class="item"><label for="category-depth1-3" class="text__item-name" role="button" tabindex="0" aria-current="false">탄산음료</label><input type="radio" id="category-depth1-3" name="c" value="200000073"/></li><li class="item"><label for="category-depth1-4" class="text__item-name" role="button" tabindex="0" aria-current="false">과일/야채음료</label><input type="radio" id="category-depth1-4" name="c" value="200000074"/></li><li class="item"><label for="category-depth1-5" class="text__item-name" role="button" tabindex="0" aria-current="false">스포츠/건강음료</label><input type="radio" id="category-depth1-5" name="c" value="200000075"/></li><li class="item"><label for="category-depth1-6" class="text__item-name" role="button" tabindex="0" aria-current="false">전통/차/기타음료</label><input type="radio" id="category-depth1-6" name="c" value="200000076"/></li><li class="item"><label for="category-depth1-7" class="text__item-name" role="button" tabindex="0" aria-current="false">무알콜맥주/칵테일</label><input type="radio" id="category-depth1-7" name="c" value="200000078"/></li><li class="item"><label for="category-depth1-8" class="text__item-name" role="button" tabindex="0" aria-current="false">어린이 음료</label><input type="radio" id="category-depth1-8" name="c" value="200000079"/></li></ul></div></li><li class="wrap__filter-item brand active"><button type="button" class="sprite__smilefresh--after button__filter-title" aria-expanded="true"><span class="text__filter-title">브랜드</span></button><div class="wrap__filter-item-content" aria-hidden="false"><ul class="list__items type-checkbox"><li class="item"><input type="checkbox" id="child-brand-checkbox-1" class="sprite__smilefresh form__checkbox" value="42285" name="b" tabindex="0"/><label for="child-brand-checkbox-1" class="text__checkbox">롯데칠성</label></li><li class="item"><input type="checkbox" id="child-brand-checkbox-2" class="sprite__smilefresh form__checkbox" value="31170" name="b" tabindex="0"/><label for="child-brand-checkbox-2" class="text__checkbox">노브랜드</label></li><li class="item"><input type="checkbox" id="child-brand-checkbox-3" class="sprite__smilefresh form__checkbox" value="32349" name="b" tabindex="0"/><label for="child-brand-checkbox-3" class="text__checkbox">웅진</label></li><li class="item"><input type="checkbox" id="child-brand-checkbox-4" class="sprite__smilefresh form__checkbox" value="24095" name="b" tabindex="0"/><label for="child-brand-checkbox-4" class="text__checkbox">팔도</label></li><li class="item"><input type="checkbox" id="child-brand-checkbox-5" class="sprite__smilefresh form__checkbox" value="29103" name="b" tabindex="0"/><label for="child-brand-checkbox-5" class="text__checkbox">동아오츠카</label></li><li class="item"><input type="checkbox" id="child-brand-checkbox-6" class="sprite__smilefresh form__checkbox" value="37088" name="b" tabindex="0"/><label for="child-brand-checkbox-6" class="text__checkbox">코카콜라</label></li><li class="item"><input type="checkbox" id="child-brand-checkbox-7" class="sprite__smilefresh form__checkbox" value="33400" name="b" tabindex="0"/><label for="child-brand-checkbox-7" class="text__checkbox">광동</label></li><li class="item"><input type="checkbox" id="child-brand-checkbox-8" class="sprite__smilefresh form__checkbox" value="128426" name="b" tabindex="0"/><label for="child-brand-checkbox-8" class="text__checkbox">코카콜라 제로</label></li><li class="item"><input type="checkbox" id="child-brand-checkbox-9" class="sprite__smilefresh form__checkbox" value="50086" name="b" tabindex="0"/><label for="child-brand-checkbox-9" class="text__checkbox">아침에주스</label></li><li class="item"><input type="checkbox" id="child-brand-checkbox-10" class="sprite__smilefresh form__checkbox" value="29049" name="b" tabindex="0"/><label for="child-brand-checkbox-10" class="text__checkbox">농심</label></li></ul><button type="button" class="button__show-more-list" aria-expanded="false" tabindex="0"><span class="text__show-more-list">더보기</span></button></div></li><li class="wrap__filter-item price active"><button type="button" class="sprite__smilefresh--after button__filter-title" aria-expanded="true"><span class="text__filter-title">가격대</span></button><div class="wrap__filter-item-content" aria-hidden="false"><div class="wrap__set-price"><div class="input__min-price"><label for="price-input-min" class="for-a11y">최저가격을 입력해 주세요.</label><input type="text" id="price-input-min" name="minPrice" class="input__set-price" min="0" inputMode="search" pattern="[0-9]*" autoComplete="off" tabindex="0"/><span class="text__price-unit">원</span></div><span class="text__description">~</span><div class="input__max-price"><label for="price-input-max" class="for-a11y">최고가격을 입력해 주세요.</label><input type="text" id="price-input-max" name="maxPrice" class="input__set-price" min="0" inputMode="search" pattern="[0-9]*" autoComplete="off" tabindex="0"/><span class="text__price-unit">원</span></div><button type="button" class="sprite__smilefresh--before button__set-price-range" tabindex="0"><span class="for-a11y">가격대 설정</span></button></div></div></li><li class="wrap__filter-item research active"><button type="button" class="sprite__smilefresh--after button__filter-title" aria-expanded="true"><span class="text__filter-title">결과 내 재검색</span></button><div class="wrap__filter-item-content" aria-hidden="false"><div class="wrap__research"><div class="input__test"><label for="filter_search" class="for-a11y">키워드를 입력해 주세요.</label><input type="search" id="filter_search" name="keyword" class="input__set-price" inputMode="search" autoComplete="off" tabindex="0"/></div><button type="button" class="sprite__smilefresh--before button__research" tabindex="0"><span class="for-a11y">검색하기</span></button></div></div></li></ul></div><div class="box__content-area"><div class="box__divider"><div class="box__itemcard"><div class="box__items-list"><ul class="list__itemcard-slide"><li class="list-item"><div class="box__itemcard-container"><div class="box__itemcard-body"><div class="box__itemcard-inner"><a class="link__itemcard" href="https://item.gmarket.co.kr/Item?goodscode=2522759637" tabindex="-1" aria-hidden="true"><span class="box__itemcard-img"><img class="image__itemcard no-js-400?ver=1720672681" src="data:image/gif;base64,R0lGODlhAQABAIAAAP///wAAACH5BAEAAAAALAAAAAABAAEAAAICRAEAOw==" alt="노브랜드 미네랄워터 2L6 - 상품 이미지"/><noscript><style>.no-js-400?ver=1720672681 { display: none !important; }</style><img class="image__itemcard" src="https://gdimg.gmarket.co.kr/2522759637/still/400?ver=1720672681" alt="노브랜드 미네랄워터 2L6 - 상품 이미지"/></noscript></span></a><div class="box__itemcard-info"><div class="box__element-info"><div class="element-info-qty"><button aria-describedby="itemCard_title_2522759637" class="sprite__smilefresh--before element-info-qty-minus" aria-disabled="true"><span class="for-a11y">상품 수 <!-- -->1<!-- --> 감소</span></button><span class="element-info-item-qty" aria-describedby="itemCard_title_2522759637"><span class="for-a11y">선택된 수량</span> <!-- -->1</span><button aria-describedby="itemCard_title_2522759637" class="sprite__smilefresh--before element-info-qty-plus"><span class="for-a11y">상품 수 <!-- -->1<!-- --> 증가</span></button></div><button type="button" class="sprite__smilefresh--before element-info-cart" aria-describedby="itemCard_title_2522759637"><span class="for-a11y">장바구니 담기</span></button></div><a href="https://item.gmarket.co.kr/Item?goodscode=2522759637" class="link__itemcard-info"><span class="box__itemcard-title-area" id="itemCard_title_2522759637"><span class="text__brand"><span class="text">노브랜드</span></span><span class="text__title" id="item_title">노브랜드 미네랄워터 2L6</span></span><span class="box__itemcard-price-area"><span class="box__price-seller"><span class="for-a11y">판매가</span><strong class="text__price-seller">1,980</strong><span class="text__unit">원</span></span></span><span class="box__itemcard-info-score"><span class="sprite__smilefresh--before box__score-awards"><span class="for-a11y">평점</span><span class="text text__score">4.8</span><span class="for-a11y">후기</span><span class="text text__num">(30,938)</span><span class="for-a11y">건</span></span><span class="box__score-buycnt"><span class="text text__buy">구매</span><span class="text text__num">101,711</span><span class="for-a11y">건</span></span></span></a><button type="button" class="sprite__smilefresh--after button__favorite-item" aria-describedby="itemCard_title_2522759637" aria-pressed="false" aria-label="관심상품 등록하기"></button></div></div></div></div></li><li class="list-item"><div class="box__itemcard-container"><div class="box__itemcard-body"><div class="box__itemcard-inner"><a class="link__itemcard" href="https://item.gmarket.co.kr/Item?goodscode=2519116549" tabindex="-1" aria-hidden="true"><span class="box__itemcard-img"><img class="image__itemcard no-js-400?ver=1723616122" src="data:image/gif;base64,R0lGODlhAQABAIAAAP///wAAACH5BAEAAAAALAAAAAABAAEAAAICRAEAOw==" alt="제주삼다수 그린 2L 6병 - 상품 이미지"/><noscript><style>.no-js-400?ver=1723616122 { display: none !important; }</style><img class="image__itemcard" src="https://gdimg.gmarket.co.kr/2519116549/still/400?ver=1723616122" alt="제주삼다수 그린 2L 6병 - 상품 이미지"/></noscript></span></a><div class="box__itemcard-info"><div class="box__element-info"><div class="element-info-qty"><button aria-describedby="itemCard_title_2519116549" class="sprite__smilefresh--before element-info-qty-minus" aria-disabled="true"><span class="for-a11y">상품 수 <!-- -->1<!-- --> 감소</span></button><span class="element-info-item-qty" aria-describedby="itemCard_title_2519116549"><span class="for-a11y">선택된 수량</span> <!-- -->1</span><button aria-describedby="itemCard_title_2519116549" class="sprite__smilefresh--before element-info-qty-plus"><span class="for-a11y">상품 수 <!-- -->1<!-- --> 증가</span></button></div><button type="button" class="sprite__smilefresh--before element-info-cart" aria-describedby="itemCard_title_2519116549"><span class="for-a11y">장바구니 담기</span></button></div><a href="https://item.gmarket.co.kr/Item?goodscode=2519116549" class="link__itemcard-info"><span class="box__itemcard-title-area" id="itemCard_title_2519116549"><span class="text__brand"><span class="text">제주삼다수</span></span><span class="text__title" id="item_title">제주삼다수 그린 2L 6병</span></span><span class="box__itemcard-price-area"><span class="box__price-seller"><span class="for-a11y">판매가</span><strong class="text__price-seller">6,480</strong><span class="text__unit">원</span></span><span class="box__prime-cost"><span class="for-a11y">원가</span><span class="text__unit-cost">(<!-- -->100mL당 54원<!-- -->)</span></span></span><span class="box__itemcard-info-score"><span class="sprite__smilefresh--before box__score-awards"><span class="for-a11y">평점</span><span class="text text__score">4.8</span><span class="for-a11y">후기</span><span class="text text__num">(13,059)</span><span class="for-a11y">건</span></span><span class="box__score-buycnt"><span class="text text__buy">구매</span><span class="text text__num">59,513</span><span class="for-a11y">건</span></span></span><span class="box__itemcard-benefit-tag"><span class="box__tag box__tag-coupon"><span class="sprite__smilefresh--before box__inner">15% 쿠폰</span></span></span></a><button type="button" class="sprite__smilefresh--after button__favorite-item" aria-describedby="itemCard_title_2519116549" aria-pressed="false" aria-label="관심상품 등록하기"></button></div></div></div></div></li><li class="list-item"><div class="box__itemcard-container"><div class="box__itemcard-body"><div class="box__itemcard-inner"><a class="link__itemcard" href="https://item.gmarket.co.kr/Item?goodscode=2518471760" tabindex="-1" aria-hidden="true"><span class="box__itemcard-img"><img class="image__itemcard no-js-400?ver=1725092652" src="data:image/gif;base64,R0lGODlhAQABAIAAAP///wAAACH5BAEAAAAALAAAAAABAAEAAAICRAEAOw==" alt="코카콜라 1.8L - 상품 이미지"/><noscript><style>.no-js-400?ver=1725092652 { display: none !important; }</style><img class="image__itemcard" src="https://gdimg.gmarket.co.kr/2518471760/still/400?ver=1725092652" alt="코카콜라 1.8L - 상품 이미지"/></noscript></span></a><div class="box__itemcard-info"><div class="box__element-info"><div class="element-info-qty"><button aria-describedby="itemCard_title_2518471760" class="sprite__smilefresh--before element-info-qty-minus" aria-disabled="true"><span class="for-a11y">상품 수 <!-- -->1<!-- --> 감소</span></button><span class="element-info-item-qty" aria-describedby="itemCard_title_2518471760"><span class="for-a11y">선택된 수량</span> <!-- -->1</span><button aria-describedby="itemCard_title_2518471760" class="sprite__smilefresh--before element-info-qty-plus"><span class="for-a11y">상품 수 <!-- -->1<!-- --> 증가</span></button></div><button type="button" class="sprite__smilefresh--before element-info-cart" aria-describedby="itemCard_title_2518471760"><span class="for-a11y">장바구니 담기</span></button></div><a href="https://item.gmarket.co.kr/Item?goodscode=2518471760" class="link__itemcard-info"><span class="box__itemcard-title-area" id="itemCard_title_2518471760"><span class="text__brand"><span class="text">코카콜라</span></span><span class="text__title" id="item_title">코카콜라 1.8L</span></span><span class="box__itemcard-price-area"><span class="box__price-seller"><span class="for-a11y">판매가</span><strong class="text__price-seller">2,380</strong><span class="text__unit">원</span></span><span class="box__prime-cost"><span class="for-a11y">원가</span><span class="text__unit-cost">(<!-- -->100mL당 132원<!-- -->)</span></span></span><span class="box__itemcard-info-score"><span class="sprite__smilefresh--before box__score-awards"><span class="for-a11y">평점</span><span class="text text__score">4.8</span><span class="for-a11y">후기</span><span class="text text__num">(6,472)</span><span class="for-a11y">건</span></span><span class="box__score-buycnt"><span class="text text__buy">구매</span><span class="text text__num">57,707</span><span class="for-a11y">건</span></span></span><span class="box__itemcard-benefit-tag"><span class="box__tag box__tag-coupon"><span class="sprite__smilefresh--before box__inner">15% 쿠폰</span></span></span></a><button type="button" class="sprite__smilefresh--after button__favorite-item" aria-describedby="itemCard_title_2518471760" aria-pressed="false" aria-label="관심상품 등록하기"></button></div></div></div></div></li><li class="list-item"><div class="box__itemcard-container"><div class="box__itemcard-body"><div class="box__itemcard-inner"><a class="link__itemcard" href="https://item.gmarket.co.kr/Item?goodscode=2522760386" tabindex="-1" aria-hidden="true"><span class="box__itemcard-img"><img class="image__itemcard no-js-400?ver=1720672675" src="data:image/gif;base64,R0lGODlhAQABAIAAAP///wAAACH5BAEAAAAALAAAAAABAAEAAAICRAEAOw==" alt="노브랜드 미네랄워터 500ml20 - 상품 이미지"/><noscript><style>.no-js-400?ver=1720672675 { display: none !important; }</style><img class="image__itemcard" src="https://gdimg.gmarket.co.kr/2522760386/still/400?ver=1720672675" alt="노브랜드 미네랄워터 500ml20 - 상품 이미지"/></noscript></span></a><div class="box__itemcard-info"><div class="box__element-info"><div class="element-info-qty"><button aria-describedby="itemCard_title_2522760386" class="sprite__smilefresh--before element-info-qty-minus" aria-disabled="true"><span class="for-a11y">상품 수 <!-- -->1<!-- --> 감소</span></button><span class="element-info-item-qty" aria-describedby="itemCard_title_2522760386"><span class="for-a11y">선택된 수량</span> <!-- -->1</span><button aria-describedby="itemCard_title_2522760386" class="sprite__smilefresh--before element-info-qty-plus"><span class="for-a11y">상품 수 <!-- -->1<!-- --> 증가</span></button></div><button type="button" class="sprite__smilefresh--before element-info-cart" aria-describedby="itemCard_title_2522760386"><span class="for-a11y">장바구니 담기</span></button></div><a href="https://item.gmarket.co.kr/Item?goodscode=2522760386" class="link__itemcard-info"><span class="box__itemcard-title-area" id="itemCard_title_2522760386"><span class="text__brand"><span class="text">노브랜드</span></span><span class="text__title" id="item_title">노브랜드 미네랄워터 500ml20</span></span><span class="box__itemcard-price-area"><span class="box__price-seller"><span class="for-a11y">판매가</span><strong class="text__price-seller">3,800</strong><span class="text__unit">원</span></span></span><span class="box__itemcard-info-score"><span class="sprite__smilefresh--before box__score-awards"><span class="for-a11y">평점</span><span class="text text__score">4.8</span><span class="for-a11y">후기</span><span class="text text__num">(7,469)</span><span class="for-a11y">건</span></span><span class="box__score-buycnt"><span class="text text__buy">구매</span><span class="text text__num">22,498</span><span class="for-a11y">건</span></span></span></a><button type="button" class="sprite__smilefresh--after button__favorite-item" aria-describedby="itemCard_title_2522760386" aria-pressed="false" aria-label="관심상품 등록하기"></button></div></div></div></div></li><li class="list-item"><div class="box__itemcard-container"><div class="box__itemcard-body"><div class="box__itemcard-inner"><span class="box__thumbnail__label">2개 사면 할인</span><a class="link__itemcard" href="https://item.gmarket.co.kr/Item?goodscode=2615197776" tabindex="-1" aria-hidden="true"><span class="box__itemcard-img"><img class="image__itemcard no-js-400?ver=1725092458" src="data:image/gif;base64,R0lGODlhAQABAIAAAP///wAAACH5BAEAAAAALAAAAAABAAEAAAICRAEAOw==" alt="델몬트 마음담은기쁨드림선물세트180ml12입 - 상품 이미지"/><noscript><style>.no-js-400?ver=1725092458 { display: none !important; }</style><img class="image__itemcard" src="https://gdimg.gmarket.co.kr/2615197776/still/400?ver=1725092458" alt="델몬트 마음담은기쁨드림선물세트180ml12입 - 상품 이미지"/></noscript></span></a><div class="box__itemcard-info"><div class="box__element-info"><div class="element-info-qty"><button aria-describedby="itemCard_title_2615197776" class="sprite__smilefresh--before element-info-qty-minus" aria-disabled="true"><span class="for-a11y">상품 수 <!-- -->1<!-- --> 감소</span></button><span class="element-info-item-qty" aria-describedby="itemCard_title_2615197776"><span class="for-a11y">선택된 수량</span> <!-- -->1</span><button aria-describedby="itemCard_title_2615197776" class="sprite__smilefresh--before element-info-qty-plus"><span class="for-a11y">상품 수 <!-- -->1<!-- --> 증가</span></button></div><button type="button" class="sprite__smilefresh--before element-info-cart" aria-describedby="itemCard_title_2615197776"><span class="for-a11y">장바구니 담기</span></button></div><a href="https://item.gmarket.co.kr/Item?goodscode=2615197776" class="link__itemcard-info"><span class="box__itemcard-title-area" id="itemCard_title_2615197776"><span class="text__title" id="item_title">델몬트 마음담은기쁨드림선물세트180ml12입</span></span><span class="box__itemcard-price-area"><span class="box__price-seller"><span class="for-a11y">판매가</span><strong class="text__price-seller">13,880</strong><span class="text__unit">원</span></span></span><span class="box__itemcard-info-score"><span class="sprite__smilefresh--before box__score-awards"><span class="for-a11y">평점</span><span class="text text__score">4.7</span><span class="for-a11y">후기</span><span class="text text__num">(633)</span><span class="for-a11y">건</span></span><span class="box__score-buycnt"><span class="text text__buy">구매</span><span class="text text__num">2,427</span><span class="for-a11y">건</span></span></span><span class="box__itemcard-benefit-tag"><span class="box__tag box__tag-coupon"><span class="sprite__smilefresh--before box__inner">15% 쿠폰</span></span></span></a><button type="button" class="sprite__smilefresh--after button__favorite-item" aria-describedby="itemCard_title_2615197776" aria-pressed="false" aria-label="관심상품 등록하기"></button></div></div></div></div></li><li class="list-item"><div class="box__itemcard-container"><div class="box__itemcard-body"><div class="box__itemcard-inner"><a class="link__itemcard" href="https://item.gmarket.co.kr/Item?goodscode=2618470667" tabindex="-1" aria-hidden="true"><span class="box__itemcard-img"><img class="image__itemcard no-js-400?ver=1725043522" src="data:image/gif;base64,R0lGODlhAQABAIAAAP///wAAACH5BAEAAAAALAAAAAABAAEAAAICRAEAOw==" alt="아이시스8.0ECO 2L6입 - 상품 이미지"/><noscript><style>.no-js-400?ver=1725043522 { display: none !important; }</style><img class="image__itemcard" src="https://gdimg.gmarket.co.kr/2618470667/still/400?ver=1725043522" alt="아이시스8.0ECO 2L6입 - 상품 이미지"/></noscript></span></a><div class="box__itemcard-info"><div class="box__element-info"><div class="element-info-qty"><button aria-describedby="itemCard_title_2618470667" class="sprite__smilefresh--before element-info-qty-minus" aria-disabled="true"><span class="for-a11y">상품 수 <!-- -->1<!-- --> 감소</span></button><span class="element-info-item-qty" aria-describedby="itemCard_title_2618470667"><span class="for-a11y">선택된 수량</span> <!-- -->1</span><button aria-describedby="itemCard_title_2618470667" class="sprite__smilefresh--before element-info-qty-plus"><span class="for-a11y">상품 수 <!-- -->1<!-- --> 증가</span></button></div><button type="button" class="sprite__smilefresh--before element-info-cart" aria-describedby="itemCard_title_2618470667"><span class="for-a11y">장바구니 담기</span></button></div><a href="https://item.gmarket.co.kr/Item?goodscode=2618470667" class="link__itemcard-info"><span class="box__itemcard-title-area" id="itemCard_title_2618470667"><span class="text__title" id="item_title">아이시스8.0ECO 2L6입</span></span><span class="box__itemcard-price-area"><span class="box__price-seller"><span class="for-a11y">판매가</span><strong class="text__price-seller">4,040</strong><span class="text__unit">원</span></span><span class="box__prime-cost"><span class="for-a11y">원가</span><strong class="text__dc-rate">29<!-- -->%</strong><span class="text__prime-cost">5,760<span class="text__unit">원</span></span></span></span><span class="box__itemcard-info-score"><span class="sprite__smilefresh--before box__score-awards"><span class="for-a11y">평점</span><span class="text text__score">4.7</span><span class="for-a11y">후기</span><span class="text text__num">(1,304)</span><span class="for-a11y">건</span></span><span class="box__score-buycnt"><span class="text text__buy">구매</span><span class="text text__num">5,248</span><span class="for-a11y">건</span></span></span><span class="box__itemcard-benefit-tag"><span class="box__tag box__tag-coupon"><span class="sprite__smilefresh--before box__inner">15% 쿠폰</span></span></span></a><button type="button" class="sprite__smilefresh--after button__favorite-item" aria-describedby="itemCard_title_2618470667" aria-pressed="false" aria-label="관심상품 등록하기"></button></div></div></div></div></li><li class="list-item"><div class="box__itemcard-container"><div class="box__itemcard-body"><div class="box__itemcard-inner"><span class="box__thumbnail__label">2개 사면 할인</span><a class="link__itemcard" href="https://item.gmarket.co.kr/Item?goodscode=2519438064" tabindex="-1" aria-hidden="true"><span class="box__itemcard-img"><img class="image__itemcard no-js-400?ver=1725121828" src="data:image/gif;base64,R0lGODlhAQABAIAAAP///wAAACH5BAEAAAAALAAAAAABAAEAAAICRAEAOw==" alt="웅진_하늘보리 1.35L - 상품 이미지"/><noscript><style>.no-js-400?ver=1725121828 { display: none !important; }</style><img class="image__itemcard" src="https://gdimg.gmarket.co.kr/2519438064/still/400?ver=1725121828" alt="웅진_하늘보리 1.35L - 상품 이미지"/></noscript></span></a><div class="box__itemcard-info"><div class="box__element-info"><div class="element-info-qty"><button aria-describedby="itemCard_title_2519438064" class="sprite__smilefresh--before element-info-qty-minus" aria-disabled="true"><span class="for-a11y">상품 수 <!-- -->1<!-- --> 감소</span></button><span class="element-info-item-qty" aria-describedby="itemCard_title_2519438064"><span class="for-a11y">선택된 수량</span> <!-- -->1</span><button aria-describedby="itemCard_title_2519438064" class="sprite__smilefresh--before element-info-qty-plus"><span class="for-a11y">상품 수 <!-- -->1<!-- --> 증가</span></button></div><button type="button" class="sprite__smilefresh--before element-info-cart" aria-describedby="itemCard_title_2519438064"><span class="for-a11y">장바구니 담기</span></button></div><a href="https://item.gmarket.co.kr/Item?goodscode=2519438064" class="link__itemcard-info"><span class="box__itemcard-title-area" id="itemCard_title_2519438064"><span class="text__brand"><span class="text">웅진</span></span><span class="text__title" id="item_title">웅진_하늘보리 1.35L</span></span><span class="box__itemcard-price-area"><span class="box__price-seller"><span class="for-a11y">판매가</span><strong class="text__price-seller">2,080</strong><span class="text__unit">원</span></span><span class="box__prime-cost"><span class="for-a11y">원가</span><span class="text__unit-cost">(<!-- -->100mL당 154원<!-- -->)</span></span></span><span class="box__itemcard-info-score"><span class="sprite__smilefresh--before box__score-awards"><span class="for-a11y">평점</span><span class="text text__score">4.8</span><span class="for-a11y">후기</span><span class="text text__num">(838)</span><span class="for-a11y">건</span></span><span class="box__score-buycnt"><span class="text text__buy">구매</span><span class="text text__num">9,203</span><span class="for-a11y">건</span></span></span><span class="box__itemcard-benefit-tag"><span class="box__tag box__tag-coupon"><span class="sprite__smilefresh--before box__inner">15% 쿠폰</span></span></span></a><button type="button" class="sprite__smilefresh--after button__favorite-item" aria-describedby="itemCard_title_2519438064" aria-pressed="false" aria-label="관심상품 등록하기"></button></div></div></div></div></li><li class="list-item"><div class="box__itemcard-container"><div class="box__itemcard-body"><div class="box__itemcard-inner"><a class="link__itemcard" href="https://item.gmarket.co.kr/Item?goodscode=2518949521" tabindex="-1" aria-hidden="true"><span class="box__itemcard-img"><img class="image__itemcard no-js-400?ver=1720674583" src="data:image/gif;base64,R0lGODlhAQABAIAAAP///wAAACH5BAEAAAAALAAAAAABAAEAAAICRAEAOw==" alt="피코크 트루워터 2L X 6(무라벨 생수) - 상품 이미지"/><noscript><style>.no-js-400?ver=1720674583 { display: none !important; }</style><img class="image__itemcard" src="https://gdimg.gmarket.co.kr/2518949521/still/400?ver=1720674583" alt="피코크 트루워터 2L X 6(무라벨 생수) - 상품 이미지"/></noscript></span></a><div class="box__itemcard-info"><div class="box__element-info"><div class="element-info-qty"><button aria-describedby="itemCard_title_2518949521" class="sprite__smilefresh--before element-info-qty-minus" aria-disabled="true"><span class="for-a11y">상품 수 <!-- -->1<!-- --> 감소</span></button><span class="element-info-item-qty" aria-describedby="itemCard_title_2518949521"><span class="for-a11y">선택된 수량</span> <!-- -->1</span><button aria-describedby="itemCard_title_2518949521" class="sprite__smilefresh--before element-info-qty-plus"><span class="for-a11y">상품 수 <!-- -->1<!-- --> 증가</span></button></div><button type="button" class="sprite__smilefresh--before element-info-cart" aria-describedby="itemCard_title_2518949521"><span class="for-a11y">장바구니 담기</span></button></div><a href="https://item.gmarket.co.kr/Item?goodscode=2518949521" class="link__itemcard-info"><span class="box__itemcard-title-area" id="itemCard_title_2518949521"><span class="text__brand"><span class="text">피코크</span></span><span class="text__title" id="item_title">피코크 트루워터 2L X 6(무라벨 생수)</span></span><span class="box__itemcard-price-area"><span class="box__price-seller"><span class="for-a11y">판매가</span><strong class="text__price-seller">2,880</strong><span class="text__unit">원</span></span></span><span class="box__itemcard-info-score"><span class="sprite__smilefresh--before box__score-awards"><span class="for-a11y">평점</span><span class="text text__score">4.8</span><span class="for-a11y">후기</span><span class="text text__num">(5,081)</span><span class="for-a11y">건</span></span><span class="box__score-buycnt"><span class="text text__buy">구매</span><span class="text text__num">25,769</span><span class="for-a11y">건</span></span></span><span class="box__itemcard-benefit-tag"><span class="box__tag box__tag-coupon"><span class="sprite__smilefresh--before box__inner">15% 쿠폰</span></span></span></a><button type="button" class="sprite__smilefresh--after button__favorite-item" aria-describedby="itemCard_title_2518949521" aria-pressed="false" aria-label="관심상품 등록하기"></button></div></div></div></div></li><li class="list-item"><div class="box__itemcard-container"><div class="box__itemcard-body"><div class="box__itemcard-inner"><a class="link__itemcard" href="https://item.gmarket.co.kr/Item?goodscode=2518949602" tabindex="-1" aria-hidden="true"><span class="box__itemcard-img"><img class="image__itemcard no-js-400?ver=1720674561" src="data:image/gif;base64,R0lGODlhAQABAIAAAP///wAAACH5BAEAAAAALAAAAAABAAEAAAICRAEAOw==" alt="피코크 트루워터 330ml X 20(무라벨 생수) - 상품 이미지"/><noscript><style>.no-js-400?ver=1720674561 { display: none !important; }</style><img class="image__itemcard" src="https://gdimg.gmarket.co.kr/2518949602/still/400?ver=1720674561" alt="피코크 트루워터 330ml X 20(무라벨 생수) - 상품 이미지"/></noscript></span></a><div class="box__itemcard-info"><div class="box__element-info"><div class="element-info-qty"><button aria-describedby="itemCard_title_2518949602" class="sprite__smilefresh--before element-info-qty-minus" aria-disabled="true"><span class="for-a11y">상품 수 <!-- -->1<!-- --> 감소</span></button><span class="element-info-item-qty" aria-describedby="itemCard_title_2518949602"><span class="for-a11y">선택된 수량</span> <!-- -->1</span><button aria-describedby="itemCard_title_2518949602" class="sprite__smilefresh--before element-info-qty-plus"><span class="for-a11y">상품 수 <!-- -->1<!-- --> 증가</span></button></div><button type="button" class="sprite__smilefresh--before element-info-cart" aria-describedby="itemCard_title_2518949602"><span class="for-a11y">장바구니 담기</span></button></div><a href="https://item.gmarket.co.kr/Item?goodscode=2518949602" class="link__itemcard-info"><span class="box__itemcard-title-area" id="itemCard_title_2518949602"><span class="text__title" id="item_title">피코크 트루워터 330ml X 20(무라벨 생수)</span></span><span class="box__itemcard-price-area"><span class="box__price-seller"><span class="for-a11y">판매가</span><strong class="text__price-seller">3,980</strong><span class="text__unit">원</span></span></span><span class="box__itemcard-info-score"><span class="sprite__smilefresh--before box__score-awards"><span class="for-a11y">평점</span><span class="text text__score">4.8</span><span class="for-a11y">후기</span><span class="text text__num">(3,443)</span><span class="for-a11y">건</span></span><span class="box__score-buycnt"><span class="text text__buy">구매</span><span class="text text__num">11,791</span><span class="for-a11y">건</span></span></span><span class="box__itemcard-benefit-tag"><span class="box__tag box__tag-coupon"><span class="sprite__smilefresh--before box__inner">15% 쿠폰</span></span></span></a><button type="button" class="sprite__smilefresh--after button__favorite-item" aria-describedby="itemCard_title_2518949602" aria-pressed="false" aria-label="관심상품 등록하기"></button></div></div></div></div></li><li class="list-item"><div class="box__itemcard-container"><div class="box__itemcard-body"><div class="box__itemcard-inner"><span class="box__thumbnail__label">2개 사면 할인</span><a class="link__itemcard" href="https://item.gmarket.co.kr/Item?goodscode=2537464095" tabindex="-1" aria-hidden="true"><span class="box__itemcard-img"><img class="image__itemcard no-js-400?ver=1725088242" src="data:image/gif;base64,R0lGODlhAQABAIAAAP///wAAACH5BAEAAAAALAAAAAABAAEAAAICRAEAOw==" alt="광동 옥수수 수염차 (1.5L) - 상품 이미지"/><noscript><style>.no-js-400?ver=1725088242 { display: none !important; }</style><img class="image__itemcard" src="https://gdimg.gmarket.co.kr/2537464095/still/400?ver=1725088242" alt="광동 옥수수 수염차 (1.5L) - 상품 이미지"/></noscript></span></a><div class="box__itemcard-info"><div class="box__element-info"><div class="element-info-qty"><button aria-describedby="itemCard_title_2537464095" class="sprite__smilefresh--before element-info-qty-minus" aria-disabled="true"><span class="for-a11y">상품 수 <!-- -->1<!-- --> 감소</span></button><span class="element-info-item-qty" aria-describedby="itemCard_title_2537464095"><span class="for-a11y">선택된 수량</span> <!-- -->1</span><button aria-describedby="itemCard_title_2537464095" class="sprite__smilefresh--before element-info-qty-plus"><span class="for-a11y">상품 수 <!-- -->1<!-- --> 증가</span></button></div><button type="button" class="sprite__smilefresh--before element-info-cart" aria-describedby="itemCard_title_2537464095"><span class="for-a11y">장바구니 담기</span></button></div><a href="https://item.gmarket.co.kr/Item?goodscode=2537464095" class="link__itemcard-info"><span class="box__itemcard-title-area" id="itemCard_title_2537464095"><span class="text__brand"><span class="text">광동</span></span><span class="text__title" id="item_title">광동 옥수수 수염차 (1.5L)</span></span><span class="box__itemcard-price-area"><span class="box__price-seller"><span class="for-a11y">판매가</span><strong class="text__price-seller">2,380</strong><span class="text__unit">원</span></span><span class="box__prime-cost"><span class="for-a11y">원가</span><span class="text__unit-cost">(<!-- -->100mL당 159원<!-- -->)</span></span></span><span class="box__itemcard-info-score"><span class="sprite__smilefresh--before box__score-awards"><span class="for-a11y">평점</span><span class="text text__score">4.8</span><span class="for-a11y">후기</span><span class="text text__num">(1,650)</span><span class="for-a11y">건</span></span><span class="box__score-buycnt"><span class="text text__buy">구매</span><span class="text text__num">16,394</span><span class="for-a11y">건</span></span></span><span class="box__itemcard-benefit-tag"><span class="box__tag box__tag-coupon"><span class="sprite__smilefresh--before box__inner">15% 쿠폰</span></span></span></a><button type="button" class="sprite__smilefresh--after button__favorite-item" aria-describedby="itemCard_title_2537464095" aria-pressed="false" aria-label="관심상품 등록하기"></button></div></div></div></div></li><li class="list-item"><div class="box__itemcard-container"><div class="box__itemcard-body"><div class="box__itemcard-inner"><a class="link__itemcard" href="https://item.gmarket.co.kr/Item?goodscode=2518525285" tabindex="-1" aria-hidden="true"><span class="box__itemcard-img"><img class="image__itemcard no-js-400?ver=1725107068" src="data:image/gif;base64,R0lGODlhAQABAIAAAP///wAAACH5BAEAAAAALAAAAAABAAEAAAICRAEAOw==" alt="노브랜드 Fresh제주감귤음료1.5L - 상품 이미지"/><noscript><style>.no-js-400?ver=1725107068 { display: none !important; }</style><img class="image__itemcard" src="https://gdimg.gmarket.co.kr/2518525285/still/400?ver=1725107068" alt="노브랜드 Fresh제주감귤음료1.5L - 상품 이미지"/></noscript></span></a><div class="box__itemcard-info"><div class="box__element-info"><div class="element-info-qty"><button aria-describedby="itemCard_title_2518525285" class="sprite__smilefresh--before element-info-qty-minus" aria-disabled="true"><span class="for-a11y">상품 수 <!-- -->1<!-- --> 감소</span></button><span class="element-info-item-qty" aria-describedby="itemCard_title_2518525285"><span class="for-a11y">선택된 수량</span> <!-- -->1</span><button aria-describedby="itemCard_title_2518525285" class="sprite__smilefresh--before element-info-qty-plus"><span class="for-a11y">상품 수 <!-- -->1<!-- --> 증가</span></button></div><button type="button" class="sprite__smilefresh--before element-info-cart" aria-describedby="itemCard_title_2518525285"><span class="for-a11y">장바구니 담기</span></button></div><a href="https://item.gmarket.co.kr/Item?goodscode=2518525285" class="link__itemcard-info"><span class="box__itemcard-title-area" id="itemCard_title_2518525285"><span class="text__brand"><span class="text">노브랜드</span></span><span class="text__title" id="item_title">노브랜드 Fresh제주감귤음료1.5L</span></span><span class="box__itemcard-price-area"><span class="box__price-seller"><span class="for-a11y">판매가</span><strong class="text__price-seller">1,880</strong><span class="text__unit">원</span></span><span class="box__prime-cost"><span class="for-a11y">원가</span><span class="text__unit-cost">(<!-- -->100mL당 125원<!-- -->)</span></span></span><span class="box__itemcard-info-score"><span class="sprite__smilefresh--before box__score-awards"><span class="for-a11y">평점</span><span class="text text__score">4.8</span><span class="for-a11y">후기</span><span class="text text__num">(3,297)</span><span class="for-a11y">건</span></span><span class="box__score-buycnt"><span class="text text__buy">구매</span><span class="text text__num">15,444</span><span class="for-a11y">건</span></span></span></a><button type="button" class="sprite__smilefresh--after button__favorite-item" aria-describedby="itemCard_title_2518525285" aria-pressed="false" aria-label="관심상품 등록하기"></button></div></div></div></div></li><li class="list-item"><div class="box__itemcard-container"><div class="box__itemcard-body"><div class="box__itemcard-inner"><span class="box__thumbnail__label">2개 사면 할인</span><a class="link__itemcard" href="https://item.gmarket.co.kr/Item?goodscode=2558924713" tabindex="-1" aria-hidden="true"><span class="box__itemcard-img"><img class="image__itemcard no-js-400?ver=1725520377" src="data:image/gif;base64,R0lGODlhAQABAIAAAP///wAAACH5BAEAAAAALAAAAAABAAEAAAICRAEAOw==" alt="롯데 잔치집식혜 1.5L 펫 - 상품 이미지"/><noscript><style>.no-js-400?ver=1725520377 { display: none !important; }</style><img class="image__itemcard" src="https://gdimg.gmarket.co.kr/2558924713/still/400?ver=1725520377" alt="롯데 잔치집식혜 1.5L 펫 - 상품 이미지"/></noscript></span></a><div class="box__itemcard-info"><div class="box__element-info"><div class="element-info-qty"><button aria-describedby="itemCard_title_2558924713" class="sprite__smilefresh--before element-info-qty-minus" aria-disabled="true"><span class="for-a11y">상품 수 <!-- -->1<!-- --> 감소</span></button><span class="element-info-item-qty" aria-describedby="itemCard_title_2558924713"><span class="for-a11y">선택된 수량</span> <!-- -->1</span><button aria-describedby="itemCard_title_2558924713" class="sprite__smilefresh--before element-info-qty-plus"><span class="for-a11y">상품 수 <!-- -->1<!-- --> 증가</span></button></div><button type="button" class="sprite__smilefresh--before element-info-cart" aria-describedby="itemCard_title_2558924713"><span class="for-a11y">장바구니 담기</span></button></div><a href="https://item.gmarket.co.kr/Item?goodscode=2558924713" class="link__itemcard-info"><span class="box__itemcard-title-area" id="itemCard_title_2558924713"><span class="text__brand"><span class="text">롯데칠성</span></span><span class="text__title" id="item_title">롯데 잔치집식혜 1.5L 펫</span></span><span class="box__itemcard-price-area"><span class="box__price-seller"><span class="for-a11y">판매가</span><strong class="text__price-seller">3,280</strong><span class="text__unit">원</span></span><span class="box__prime-cost"><span class="for-a11y">원가</span><span class="text__unit-cost">(<!-- -->100mL당 219원<!-- -->)</span></span></span><span class="box__itemcard-info-score"><span class="sprite__smilefresh--before box__score-awards"><span class="for-a11y">평점</span><span class="text text__score">4.8</span><span class="for-a11y">후기</span><span class="text text__num">(181)</span><span class="for-a11y">건</span></span><span class="box__score-buycnt"><span class="text text__buy">구매</span><span class="text text__num">1,319</span><span class="for-a11y">건</span></span></span><span class="box__itemcard-benefit-tag"><span class="box__tag box__tag-coupon"><span class="sprite__smilefresh--before box__inner">15% 쿠폰</span></span></span></a><button type="button" class="sprite__smilefresh--after button__favorite-item" aria-describedby="itemCard_title_2558924713" aria-pressed="false" aria-label="관심상품 등록하기"></button></div></div></div></div></li><li class="list-item"><div class="box__itemcard-container"><div class="box__itemcard-body"><div class="box__itemcard-inner"><a class="link__itemcard" href="https://item.gmarket.co.kr/Item?goodscode=2517911574" tabindex="-1" aria-hidden="true"><span class="box__itemcard-img"><img class="image__itemcard no-js-400?ver=1725119199" src="data:image/gif;base64,R0lGODlhAQABAIAAAP///wAAACH5BAEAAAAALAAAAAABAAEAAAICRAEAOw==" alt="펩시 제로슈거 라임향 무라벨 300ml12 - 상품 이미지"/><noscript><style>.no-js-400?ver=1725119199 { display: none !important; }</style><img class="image__itemcard" src="https://gdimg.gmarket.co.kr/2517911574/still/400?ver=1725119199" alt="펩시 제로슈거 라임향 무라벨 300ml12 - 상품 이미지"/></noscript></span></a><div class="box__itemcard-info"><div class="box__element-info"><div class="element-info-qty"><button aria-describedby="itemCard_title_2517911574" class="sprite__smilefresh--before element-info-qty-minus" aria-disabled="true"><span class="for-a11y">상품 수 <!-- -->1<!-- --> 감소</span></button><span class="element-info-item-qty" aria-describedby="itemCard_title_2517911574"><span class="for-a11y">선택된 수량</span> <!-- -->1</span><button aria-describedby="itemCard_title_2517911574" class="sprite__smilefresh--before element-info-qty-plus"><span class="for-a11y">상품 수 <!-- -->1<!-- --> 증가</span></button></div><button type="button" class="sprite__smilefresh--before element-info-cart" aria-describedby="itemCard_title_2517911574"><span class="for-a11y">장바구니 담기</span></button></div><a href="https://item.gmarket.co.kr/Item?goodscode=2517911574" class="link__itemcard-info"><span class="box__itemcard-title-area" id="itemCard_title_2517911574"><span class="text__brand"><span class="text">롯데칠성</span></span><span class="text__title" id="item_title">펩시 제로슈거 라임향 무라벨 300ml12</span></span><span class="box__itemcard-price-area"><span class="box__price-seller"><span class="for-a11y">판매가</span><strong class="text__price-seller">7,970</strong><span class="text__unit">원</span></span><span class="box__prime-cost"><span class="for-a11y">원가</span><strong class="text__dc-rate">29<!-- -->%</strong><span class="text__prime-cost">11,380<span class="text__unit">원</span></span><span class="text__unit-cost">(<!-- -->100mL당 221원<!-- -->)</span></span></span><span class="box__itemcard-info-score"><span class="sprite__smilefresh--before box__score-awards"><span class="for-a11y">평점</span><span class="text text__score">4.8</span><span class="for-a11y">후기</span><span class="text text__num">(473)</span><span class="for-a11y">건</span></span><span class="box__score-buycnt"><span class="text text__buy">구매</span><span class="text text__num">2,501</span><span class="for-a11y">건</span></span></span><span class="box__itemcard-benefit-tag"><span class="box__tag box__tag-coupon"><span class="sprite__smilefresh--before box__inner">15% 쿠폰</span></span></span></a><button type="button" class="sprite__smilefresh--after button__favorite-item" aria-describedby="itemCard_title_2517911574" aria-pressed="false" aria-label="관심상품 등록하기"></button></div></div></div></div></li><li class="list-item"><div class="box__itemcard-container"><div class="box__itemcard-body"><div class="box__itemcard-inner"><a class="link__itemcard" href="https://item.gmarket.co.kr/Item?goodscode=2522850025" tabindex="-1" aria-hidden="true"><span class="box__itemcard-img"><img class="image__itemcard no-js-400?ver=1725116391" src="data:image/gif;base64,R0lGODlhAQABAIAAAP///wAAACH5BAEAAAAALAAAAAABAAEAAAICRAEAOw==" alt="오션스프레이 루비레드 자몽주스 1.89L - 상품 이미지"/><noscript><style>.no-js-400?ver=1725116391 { display: none !important; }</style><img class="image__itemcard" src="https://gdimg.gmarket.co.kr/2522850025/still/400?ver=1725116391" alt="오션스프레이 루비레드 자몽주스 1.89L - 상품 이미지"/></noscript></span></a><div class="box__itemcard-info"><div class="box__element-info"><div class="element-info-qty"><button aria-describedby="itemCard_title_2522850025" class="sprite__smilefresh--before element-info-qty-minus" aria-disabled="true"><span class="for-a11y">상품 수 <!-- -->1<!-- --> 감소</span></button><span class="element-info-item-qty" aria-describedby="itemCard_title_2522850025"><span class="for-a11y">선택된 수량</span> <!-- -->1</span><button aria-describedby="itemCard_title_2522850025" class="sprite__smilefresh--before element-info-qty-plus"><span class="for-a11y">상품 수 <!-- -->1<!-- --> 증가</span></button></div><button type="button" class="sprite__smilefresh--before element-info-cart" aria-describedby="itemCard_title_2522850025"><span class="for-a11y">장바구니 담기</span></button></div><a href="https://item.gmarket.co.kr/Item?goodscode=2522850025" class="link__itemcard-info"><span class="box__itemcard-title-area" id="itemCard_title_2522850025"><span class="text__title" id="item_title">오션스프레이 루비레드 자몽주스 1.89L</span></span><span class="box__itemcard-price-area"><span class="box__price-seller"><span class="for-a11y">판매가</span><strong class="text__price-seller">3,880</strong><span class="text__unit">원</span></span><span class="box__prime-cost"><span class="for-a11y">원가</span><strong class="text__dc-rate">43<!-- -->%</strong><span class="text__prime-cost">6,880<span class="text__unit">원</span></span></span></span><span class="box__itemcard-info-score"><span class="sprite__smilefresh--before box__score-awards"><span class="for-a11y">평점</span><span class="text text__score">4.8</span><span class="for-a11y">후기</span><span class="text text__num">(966)</span><span class="for-a11y">건</span></span><span class="box__score-buycnt"><span class="text text__buy">구매</span><span class="text text__num">4,151</span><span class="for-a11y">건</span></span></span><span class="box__itemcard-benefit-tag"><span class="box__tag box__tag-coupon"><span class="sprite__smilefresh--before box__inner">15% 쿠폰</span></span></span></a><button type="button" class="sprite__smilefresh--after button__favorite-item" aria-describedby="itemCard_title_2522850025" aria-pressed="false" aria-label="관심상품 등록하기"></button></div></div></div></div></li><li class="list-item"><div class="box__itemcard-container"><div class="box__itemcard-body"><div class="box__itemcard-inner"><span class="box__thumbnail__label">2개 사면 할인</span><a class="link__itemcard" href="https://item.gmarket.co.kr/Item?goodscode=2561846511" tabindex="-1" aria-hidden="true"><span class="box__itemcard-img"><img class="image__itemcard no-js-400?ver=1725090969" src="data:image/gif;base64,R0lGODlhAQABAIAAAP///wAAACH5BAEAAAAALAAAAAABAAEAAAICRAEAOw==" alt="광동 힘찬하루 헛개차 1.5L (1개) - 상품 이미지"/><noscript><style>.no-js-400?ver=1725090969 { display: none !important; }</style><img class="image__itemcard" src="https://gdimg.gmarket.co.kr/2561846511/still/400?ver=1725090969" alt="광동 힘찬하루 헛개차 1.5L (1개) - 상품 이미지"/></noscript></span></a><div class="box__itemcard-info"><div class="box__element-info"><div class="element-info-qty"><button aria-describedby="itemCard_title_2561846511" class="sprite__smilefresh--before element-info-qty-minus" aria-disabled="true"><span class="for-a11y">상품 수 <!-- -->1<!-- --> 감소</span></button><span class="element-info-item-qty" aria-describedby="itemCard_title_2561846511"><span class="for-a11y">선택된 수량</span> <!-- -->1</span><button aria-describedby="itemCard_title_2561846511" class="sprite__smilefresh--before element-info-qty-plus"><span class="for-a11y">상품 수 <!-- -->1<!-- --> 증가</span></button></div><button type="button" class="sprite__smilefresh--before element-info-cart" aria-describedby="itemCard_title_2561846511"><span class="for-a11y">장바구니 담기</span></button></div><a href="https://item.gmarket.co.kr/Item?goodscode=2561846511" class="link__itemcard-info"><span class="box__itemcard-title-area" id="itemCard_title_2561846511"><span class="text__brand"><span class="text">광동</span></span><span class="text__title" id="item_title">광동 힘찬하루 헛개차 1.5L (1개)</span></span><span class="box__itemcard-price-area"><span class="box__price-seller"><span class="for-a11y">판매가</span><strong class="text__price-seller">2,380</strong><span class="text__unit">원</span></span><span class="box__prime-cost"><span class="for-a11y">원가</span><span class="text__unit-cost">(<!-- -->100mL당 159원<!-- -->)</span></span></span><span class="box__itemcard-info-score"><span class="sprite__smilefresh--before box__score-awards"><span class="for-a11y">평점</span><span class="text text__score">4.7</span><span class="for-a11y">후기</span><span class="text text__num">(1,058)</span><span class="for-a11y">건</span></span><span class="box__score-buycnt"><span class="text text__buy">구매</span><span class="text text__num">10,000</span><span class="for-a11y">건</span></span></span><span class="box__itemcard-benefit-tag"><span class="box__tag box__tag-coupon"><span class="sprite__smilefresh--before box__inner">15% 쿠폰</span></span></span></a><button type="button" class="sprite__smilefresh--after button__favorite-item" aria-describedby="itemCard_title_2561846511" aria-pressed="false" aria-label="관심상품 등록하기"></button></div></div></div></div></li><li class="list-item"><div class="box__itemcard-container"><div class="box__itemcard-body"><div class="box__itemcard-inner"><a class="link__itemcard" href="https://item.gmarket.co.kr/Item?goodscode=2519039956" tabindex="-1" aria-hidden="true"><span class="box__itemcard-img"><img class="image__itemcard no-js-400?ver=1725099665" src="data:image/gif;base64,R0lGODlhAQABAIAAAP///wAAACH5BAEAAAAALAAAAAABAAEAAAICRAEAOw==" alt="코카콜라 1.8L 2입 기획 - 상품 이미지"/><noscript><style>.no-js-400?ver=1725099665 { display: none !important; }</style><img class="image__itemcard" src="https://gdimg.gmarket.co.kr/2519039956/still/400?ver=1725099665" alt="코카콜라 1.8L 2입 기획 - 상품 이미지"/></noscript></span></a><div class="box__itemcard-info"><div class="box__element-info"><div class="element-info-qty"><button aria-describedby="itemCard_title_2519039956" class="sprite__smilefresh--before element-info-qty-minus" aria-disabled="true"><span class="for-a11y">상품 수 <!-- -->1<!-- --> 감소</span></button><span class="element-info-item-qty" aria-describedby="itemCard_title_2519039956"><span class="for-a11y">선택된 수량</span> <!-- -->1</span><button aria-describedby="itemCard_title_2519039956" class="sprite__smilefresh--before element-info-qty-plus"><span class="for-a11y">상품 수 <!-- -->1<!-- --> 증가</span></button></div><button type="button" class="sprite__smilefresh--before element-info-cart" aria-describedby="itemCard_title_2519039956"><span class="for-a11y">장바구니 담기</span></button></div><a href="https://item.gmarket.co.kr/Item?goodscode=2519039956" class="link__itemcard-info"><span class="box__itemcard-title-area" id="itemCard_title_2519039956"><span class="text__brand"><span class="text">코카콜라</span></span><span class="text__title" id="item_title">코카콜라 1.8L 2입 기획</span></span><span class="box__itemcard-price-area"><span class="box__price-seller"><span class="for-a11y">판매가</span><strong class="text__price-seller">4,760</strong><span class="text__unit">원</span></span><span class="box__prime-cost"><span class="for-a11y">원가</span><span class="text__unit-cost">(<!-- -->100mL당 132원<!-- -->)</span></span></span><span class="box__itemcard-info-score"><span class="sprite__smilefresh--before box__score-awards"><span class="for-a11y">평점</span><span class="text text__score">4.8</span><span class="for-a11y">후기</span><span class="text text__num">(2,736)</span><span class="for-a11y">건</span></span><span class="box__score-buycnt"><span class="text text__buy">구매</span><span class="text text__num">17,110</span><span class="for-a11y">건</span></span></span><span class="box__itemcard-benefit-tag"><span class="box__tag box__tag-coupon"><span class="sprite__smilefresh--before box__inner">15% 쿠폰</span></span></span></a><button type="button" class="sprite__smilefresh--after button__favorite-item" aria-describedby="itemCard_title_2519039956" aria-pressed="false" aria-label="관심상품 등록하기"></button></div></div></div></div></li><li class="list-item"><div class="box__itemcard-container"><div class="box__itemcard-body"><div class="box__itemcard-inner"><a class="link__itemcard" href="https://item.gmarket.co.kr/Item?goodscode=2522498818" tabindex="-1" aria-hidden="true"><span class="box__itemcard-img"><img class="image__itemcard no-js-400?ver=1725101786" src="data:image/gif;base64,R0lGODlhAQABAIAAAP///wAAACH5BAEAAAAALAAAAAABAAEAAAICRAEAOw==" alt="코카콜라 215ml 12입 - 상품 이미지"/><noscript><style>.no-js-400?ver=1725101786 { display: none !important; }</style><img class="image__itemcard" src="https://gdimg.gmarket.co.kr/2522498818/still/400?ver=1725101786" alt="코카콜라 215ml 12입 - 상품 이미지"/></noscript></span></a><div class="box__itemcard-info"><div class="box__element-info"><div class="element-info-qty"><button aria-describedby="itemCard_title_2522498818" class="sprite__smilefresh--before element-info-qty-minus" aria-disabled="true"><span class="for-a11y">상품 수 <!-- -->1<!-- --> 감소</span></button><span class="element-info-item-qty" aria-describedby="itemCard_title_2522498818"><span class="for-a11y">선택된 수량</span> <!-- -->1</span><button aria-describedby="itemCard_title_2522498818" class="sprite__smilefresh--before element-info-qty-plus"><span class="for-a11y">상품 수 <!-- -->1<!-- --> 증가</span></button></div><button type="button" class="sprite__smilefresh--before element-info-cart" aria-describedby="itemCard_title_2522498818"><span class="for-a11y">장바구니 담기</span></button></div><a href="https://item.gmarket.co.kr/Item?goodscode=2522498818" class="link__itemcard-info"><span class="box__itemcard-title-area" id="itemCard_title_2522498818"><span class="text__brand"><span class="text">코카콜라</span></span><span class="text__title" id="item_title">코카콜라 215ml 12입</span></span><span class="box__itemcard-price-area"><span class="box__price-seller"><span class="for-a11y">판매가</span><strong class="text__price-seller">8,180</strong><span class="text__unit">원</span></span><span class="box__prime-cost"><span class="for-a11y">원가</span><span class="text__unit-cost">(<!-- -->100mL당 317원<!-- -->)</span></span></span><span class="box__itemcard-info-score"><span class="sprite__smilefresh--before box__score-awards"><span class="for-a11y">평점</span><span class="text text__score">4.8</span><span class="for-a11y">후기</span><span class="text text__num">(1,830)</span><span class="for-a11y">건</span></span><span class="box__score-buycnt"><span class="text text__buy">구매</span><span class="text text__num">7,866</span><span class="for-a11y">건</span></span></span><span class="box__itemcard-benefit-tag"><span class="box__tag box__tag-coupon"><span class="sprite__smilefresh--before box__inner">15% 쿠폰</span></span></span></a><button type="button" class="sprite__smilefresh--after button__favorite-item" aria-describedby="itemCard_title_2522498818" aria-pressed="false" aria-label="관심상품 등록하기"></button></div></div></div></div></li><li class="list-item"><div class="box__itemcard-container"><div class="box__itemcard-body"><div class="box__itemcard-inner"><span class="box__thumbnail__label">2개 사면 할인</span><a class="link__itemcard" href="https://item.gmarket.co.kr/Item?goodscode=2523389779" tabindex="-1" aria-hidden="true"><span class="box__itemcard-img"><img class="image__itemcard no-js-400?ver=1725100211" src="data:image/gif;base64,R0lGODlhAQABAIAAAP///wAAACH5BAEAAAAALAAAAAABAAEAAAICRAEAOw==" alt="영진구론산 스파클링 오리지날액 1500ml(150ml10) - 상품 이미지"/><noscript><style>.no-js-400?ver=1725100211 { display: none !important; }</style><img class="image__itemcard" src="https://gdimg.gmarket.co.kr/2523389779/still/400?ver=1725100211" alt="영진구론산 스파클링 오리지날액 1500ml(150ml10) - 상품 이미지"/></noscript></span></a><div class="box__itemcard-info"><div class="box__element-info"><div class="element-info-qty"><button aria-describedby="itemCard_title_2523389779" class="sprite__smilefresh--before element-info-qty-minus" aria-disabled="true"><span class="for-a11y">상품 수 <!-- -->1<!-- --> 감소</span></button><span class="element-info-item-qty" aria-describedby="itemCard_title_2523389779"><span class="for-a11y">선택된 수량</span> <!-- -->1</span><button aria-describedby="itemCard_title_2523389779" class="sprite__smilefresh--before element-info-qty-plus"><span class="for-a11y">상품 수 <!-- -->1<!-- --> 증가</span></button></div><button type="button" class="sprite__smilefresh--before element-info-cart" aria-describedby="itemCard_title_2523389779"><span class="for-a11y">장바구니 담기</span></button></div><a href="https://item.gmarket.co.kr/Item?goodscode=2523389779" class="link__itemcard-info"><span class="box__itemcard-title-area" id="itemCard_title_2523389779"><span class="text__brand"><span class="text">구론산 스파클링</span></span><span class="text__title" id="item_title">영진구론산 스파클링 오리지날액 1500ml(150ml10)</span></span><span class="box__itemcard-price-area"><span class="box__price-seller"><span class="for-a11y">판매가</span><strong class="text__price-seller">12,780</strong><span class="text__unit">원</span></span><span class="box__prime-cost"><span class="for-a11y">원가</span><span class="text__unit-cost">(<!-- -->100mL당 852원<!-- -->)</span></span></span><span class="box__itemcard-info-score"><span class="sprite__smilefresh--before box__score-awards"><span class="for-a11y">평점</span><span class="text text__score">4.8</span><span class="for-a11y">후기</span><span class="text text__num">(338)</span><span class="for-a11y">건</span></span><span class="box__score-buycnt"><span class="text text__buy">구매</span><span class="text text__num">1,361</span><span class="for-a11y">건</span></span></span><span class="box__itemcard-benefit-tag"><span class="box__tag box__tag-coupon"><span class="sprite__smilefresh--before box__inner">15% 쿠폰</span></span></span></a><button type="button" class="sprite__smilefresh--after button__favorite-item" aria-describedby="itemCard_title_2523389779" aria-pressed="false" aria-label="관심상품 등록하기"></button></div></div></div></div></li><li class="list-item"><div class="box__itemcard-container"><div class="box__itemcard-body"><div class="box__itemcard-inner"><a class="link__itemcard" href="https://item.gmarket.co.kr/Item?goodscode=2522788168" tabindex="-1" aria-hidden="true"><span class="box__itemcard-img"><img class="image__itemcard no-js-400?ver=1725104742" src="data:image/gif;base64,R0lGODlhAQABAIAAAP///wAAACH5BAEAAAAALAAAAAABAAEAAAICRAEAOw==" alt="코카콜라제로 1.5LX2 - 상품 이미지"/><noscript><style>.no-js-400?ver=1725104742 { display: none !important; }</style><img class="image__itemcard" src="https://gdimg.gmarket.co.kr/2522788168/still/400?ver=1725104742" alt="코카콜라제로 1.5LX2 - 상품 이미지"/></noscript></span></a><div class="box__itemcard-info"><div class="box__element-info"><div class="element-info-qty"><button aria-describedby="itemCard_title_2522788168" class="sprite__smilefresh--before element-info-qty-minus" aria-disabled="true"><span class="for-a11y">상품 수 <!-- -->1<!-- --> 감소</span></button><span class="element-info-item-qty" aria-describedby="itemCard_title_2522788168"><span class="for-a11y">선택된 수량</span> <!-- -->1</span><button aria-describedby="itemCard_title_2522788168" class="sprite__smilefresh--before element-info-qty-plus"><span class="for-a11y">상품 수 <!-- -->1<!-- --> 증가</span></button></div><button type="button" class="sprite__smilefresh--before element-info-cart" aria-describedby="itemCard_title_2522788168"><span class="for-a11y">장바구니 담기</span></button></div><a href="https://item.gmarket.co.kr/Item?goodscode=2522788168" class="link__itemcard-info"><span class="box__itemcard-title-area" id="itemCard_title_2522788168"><span class="text__brand"><span class="text">코카콜라 제로</span></span><span class="text__title" id="item_title">코카콜라제로 1.5LX2</span></span><span class="box__itemcard-price-area"><span class="box__price-seller"><span class="for-a11y">판매가</span><strong class="text__price-seller">4,280</strong><span class="text__unit">원</span></span><span class="box__prime-cost"><span class="for-a11y">원가</span><span class="text__unit-cost">(<!-- -->100mL당 143원<!-- -->)</span></span></span><span class="box__itemcard-info-score"><span class="sprite__smilefresh--before box__score-awards"><span class="for-a11y">평점</span><span class="text text__score">4.8</span><span class="for-a11y">후기</span><span class="text text__num">(3,368)</span><span class="for-a11y">건</span></span><span class="box__score-buycnt"><span class="text text__buy">구매</span><span class="text text__num">30,770</span><span class="for-a11y">건</span></span></span><span class="box__itemcard-benefit-tag"><span class="box__tag box__tag-coupon"><span class="sprite__smilefresh--before box__inner">15% 쿠폰</span></span></span></a><button type="button" class="sprite__smilefresh--after button__favorite-item" aria-describedby="itemCard_title_2522788168" aria-pressed="false" aria-label="관심상품 등록하기"></button></div></div></div></div></li><li class="list-item"><div class="box__itemcard-container"><div class="box__itemcard-body"><div class="box__itemcard-inner"><span class="box__thumbnail__label">2개 사면 할인</span><a class="link__itemcard" href="https://item.gmarket.co.kr/Item?goodscode=3052881967" tabindex="-1" aria-hidden="true"><span class="box__itemcard-img"><img class="image__itemcard no-js-400?ver=1725132801" src="data:image/gif;base64,R0lGODlhAQABAIAAAP///wAAACH5BAEAAAAALAAAAAABAAEAAAICRAEAOw==" alt="셀렉스프로틴 음료 로우슈거 125ml  12입 - 상품 이미지"/><noscript><style>.no-js-400?ver=1725132801 { display: none !important; }</style><img class="image__itemcard" src="https://gdimg.gmarket.co.kr/3052881967/still/400?ver=1725132801" alt="셀렉스프로틴 음료 로우슈거 125ml  12입 - 상품 이미지"/></noscript></span></a><div class="box__itemcard-info"><div class="box__element-info"><div class="element-info-qty"><button aria-describedby="itemCard_title_3052881967" class="sprite__smilefresh--before element-info-qty-minus" aria-disabled="true"><span class="for-a11y">상품 수 <!-- -->1<!-- --> 감소</span></button><span class="element-info-item-qty" aria-describedby="itemCard_title_3052881967"><span class="for-a11y">선택된 수량</span> <!-- -->1</span><button aria-describedby="itemCard_title_3052881967" class="sprite__smilefresh--before element-info-qty-plus"><span class="for-a11y">상품 수 <!-- -->1<!-- --> 증가</span></button></div><button type="button" class="sprite__smilefresh--before element-info-cart" aria-describedby="itemCard_title_3052881967"><span class="for-a11y">장바구니 담기</span></button></div><a href="https://item.gmarket.co.kr/Item?goodscode=3052881967" class="link__itemcard-info"><span class="box__itemcard-title-area" id="itemCard_title_3052881967"><span class="text__brand"><span class="text">셀렉스</span></span><span class="text__title" id="item_title">셀렉스프로틴 음료 로우슈거 125ml  12입</span></span><span class="box__itemcard-price-area"><span class="box__price-seller"><span class="for-a11y">판매가</span><strong class="text__price-seller">19,800</strong><span class="text__unit">원</span></span></span><span class="box__itemcard-info-score"><span class="sprite__smilefresh--before box__score-awards"><span class="for-a11y">평점</span><span class="text text__score">4.7</span><span class="for-a11y">후기</span><span class="text text__num">(87)</span><span class="for-a11y">건</span></span><span class="box__score-buycnt"><span class="text text__buy">구매</span><span class="text text__num">416</span><span class="for-a11y">건</span></span></span><span class="box__itemcard-benefit-tag"><span class="box__tag box__tag-coupon"><span class="sprite__smilefresh--before box__inner">15% 쿠폰</span></span></span></a><button type="button" class="sprite__smilefresh--after button__favorite-item" aria-describedby="itemCard_title_3052881967" aria-pressed="false" aria-label="관심상품 등록하기"></button></div></div></div></div></li><li class="list-item"><div class="box__itemcard-container"><div class="box__itemcard-body"><div class="box__itemcard-inner"><span class="box__thumbnail__label">2개 사면 할인</span><a class="link__itemcard" href="https://item.gmarket.co.kr/Item?goodscode=2522811514" tabindex="-1" aria-hidden="true"><span class="box__itemcard-img"><img class="image__itemcard no-js-400?ver=1725105266" src="data:image/gif;base64,R0lGODlhAQABAIAAAP///wAAACH5BAEAAAAALAAAAAABAAEAAAICRAEAOw==" alt="스프라이트 1L - 상품 이미지"/><noscript><style>.no-js-400?ver=1725105266 { display: none !important; }</style><img class="image__itemcard" src="https://gdimg.gmarket.co.kr/2522811514/still/400?ver=1725105266" alt="스프라이트 1L - 상품 이미지"/></noscript></span></a><div class="box__itemcard-info"><div class="box__element-info"><div class="element-info-qty"><button aria-describedby="itemCard_title_2522811514" class="sprite__smilefresh--before element-info-qty-minus" aria-disabled="true"><span class="for-a11y">상품 수 <!-- -->1<!-- --> 감소</span></button><span class="element-info-item-qty" aria-describedby="itemCard_title_2522811514"><span class="for-a11y">선택된 수량</span> <!-- -->1</span><button aria-describedby="itemCard_title_2522811514" class="sprite__smilefresh--before element-info-qty-plus"><span class="for-a11y">상품 수 <!-- -->1<!-- --> 증가</span></button></div><button type="button" class="sprite__smilefresh--before element-info-cart" aria-describedby="itemCard_title_2522811514"><span class="for-a11y">장바구니 담기</span></button></div><a href="https://item.gmarket.co.kr/Item?goodscode=2522811514" class="link__itemcard-info"><span class="box__itemcard-title-area" id="itemCard_title_2522811514"><span class="text__brand"><span class="text">스프라이트</span></span><span class="text__title" id="item_title">스프라이트 1L</span></span><span class="box__itemcard-price-area"><span class="box__price-seller"><span class="for-a11y">판매가</span><strong class="text__price-seller">2,380</strong><span class="text__unit">원</span></span><span class="box__prime-cost"><span class="for-a11y">원가</span><span class="text__unit-cost">(<!-- -->100mL당 238원<!-- -->)</span></span></span><span class="box__itemcard-info-score"><span class="sprite__smilefresh--before box__score-awards"><span class="for-a11y">평점</span><span class="text text__score">4.8</span><span class="for-a11y">후기</span><span class="text text__num">(2,707)</span><span class="for-a11y">건</span></span><span class="box__score-buycnt"><span class="text text__buy">구매</span><span class="text text__num">17,889</span><span class="for-a11y">건</span></span></span><span class="box__itemcard-benefit-tag"><span class="box__tag box__tag-coupon"><span class="sprite__smilefresh--before box__inner">15% 쿠폰</span></span></span></a><button type="button" class="sprite__smilefresh--after button__favorite-item" aria-describedby="itemCard_title_2522811514" aria-pressed="false" aria-label="관심상품 등록하기"></button></div></div></div></div></li><li class="list-item"><div class="box__itemcard-container"><div class="box__itemcard-body"><div class="box__itemcard-inner"><span class="box__thumbnail__label">2개 사면 할인</span><a class="link__itemcard" href="https://item.gmarket.co.kr/Item?goodscode=3767806040" tabindex="-1" aria-hidden="true"><span class="box__itemcard-img"><img class="image__itemcard no-js-400?ver=1725142351" src="data:image/gif;base64,R0lGODlhAQABAIAAAP///wAAACH5BAEAAAAALAAAAAABAAEAAAICRAEAOw==" alt="델몬트 마음담은 행복드림 180ml12병 - 상품 이미지"/><noscript><style>.no-js-400?ver=1725142351 { display: none !important; }</style><img class="image__itemcard" src="https://gdimg.gmarket.co.kr/3767806040/still/400?ver=1725142351" alt="델몬트 마음담은 행복드림 180ml12병 - 상품 이미지"/></noscript></span></a><div class="box__itemcard-info"><div class="box__element-info"><div class="element-info-qty"><button aria-describedby="itemCard_title_3767806040" class="sprite__smilefresh--before element-info-qty-minus" aria-disabled="true"><span class="for-a11y">상품 수 <!-- -->1<!-- --> 감소</span></button><span class="element-info-item-qty" aria-describedby="itemCard_title_3767806040"><span class="for-a11y">선택된 수량</span> <!-- -->1</span><button aria-describedby="itemCard_title_3767806040" class="sprite__smilefresh--before element-info-qty-plus"><span class="for-a11y">상품 수 <!-- -->1<!-- --> 증가</span></button></div><button type="button" class="sprite__smilefresh--before element-info-cart" aria-describedby="itemCard_title_3767806040"><span class="for-a11y">장바구니 담기</span></button></div><a href="https://item.gmarket.co.kr/Item?goodscode=3767806040" class="link__itemcard-info"><span class="box__itemcard-title-area" id="itemCard_title_3767806040"><span class="text__title" id="item_title">델몬트 마음담은 행복드림 180ml12병</span></span><span class="box__itemcard-price-area"><span class="box__price-seller"><span class="for-a11y">판매가</span><strong class="text__price-seller">13,880</strong><span class="text__unit">원</span></span></span><span class="box__itemcard-info-score"><span class="sprite__smilefresh--before box__score-awards"><span class="for-a11y">평점</span><span class="text text__score">4.7</span><span class="for-a11y">후기</span><span class="text text__num">(26)</span><span class="for-a11y">건</span></span><span class="box__score-buycnt"><span class="text text__buy">구매</span><span class="text text__num">204</span><span class="for-a11y">건</span></span></span><span class="box__itemcard-benefit-tag"><span class="box__tag box__tag-coupon"><span class="sprite__smilefresh--before box__inner">15% 쿠폰</span></span></span></a><button type="button" class="sprite__smilefresh--after button__favorite-item" aria-describedby="itemCard_title_3767806040" aria-pressed="false" aria-label="관심상품 등록하기"></button></div></div></div></div></li><li class="list-item"><div class="box__itemcard-container"><div class="box__itemcard-body"><div class="box__itemcard-inner"><a class="link__itemcard" href="https://item.gmarket.co.kr/Item?goodscode=2518062808" tabindex="-1" aria-hidden="true"><span class="box__itemcard-img"><img class="image__itemcard no-js-400?ver=1725114092" src="data:image/gif;base64,R0lGODlhAQABAIAAAP///wAAACH5BAEAAAAALAAAAAABAAEAAAICRAEAOw==" alt="펩시 제로슈거 라임향 210ml10 - 상품 이미지"/><noscript><style>.no-js-400?ver=1725114092 { display: none !important; }</style><img class="image__itemcard" src="https://gdimg.gmarket.co.kr/2518062808/still/400?ver=1725114092" alt="펩시 제로슈거 라임향 210ml10 - 상품 이미지"/></noscript></span></a><div class="box__itemcard-info"><div class="box__element-info"><div class="element-info-qty"><button aria-describedby="itemCard_title_2518062808" class="sprite__smilefresh--before element-info-qty-minus" aria-disabled="true"><span class="for-a11y">상품 수 <!-- -->1<!-- --> 감소</span></button><span class="element-info-item-qty" aria-describedby="itemCard_title_2518062808"><span class="for-a11y">선택된 수량</span> <!-- -->1</span><button aria-describedby="itemCard_title_2518062808" class="sprite__smilefresh--before element-info-qty-plus"><span class="for-a11y">상품 수 <!-- -->1<!-- --> 증가</span></button></div><button type="button" class="sprite__smilefresh--before element-info-cart" aria-describedby="itemCard_title_2518062808"><span class="for-a11y">장바구니 담기</span></button></div><a href="https://item.gmarket.co.kr/Item?goodscode=2518062808" class="link__itemcard-info"><span class="box__itemcard-title-area" id="itemCard_title_2518062808"><span class="text__brand"><span class="text">롯데칠성</span></span><span class="text__title" id="item_title">펩시 제로슈거 라임향 210ml10</span></span><span class="box__itemcard-price-area"><span class="box__price-seller"><span class="for-a11y">판매가</span><strong class="text__price-seller">5,480</strong><span class="text__unit">원</span></span><span class="box__prime-cost"><span class="for-a11y">원가</span><span class="text__unit-cost">(<!-- -->100mL당 261원<!-- -->)</span></span></span><span class="box__itemcard-info-score"><span class="sprite__smilefresh--before box__score-awards"><span class="for-a11y">평점</span><span class="text text__score">4.9</span><span class="for-a11y">후기</span><span class="text text__num">(2,240)</span><span class="for-a11y">건</span></span><span class="box__score-buycnt"><span class="text text__buy">구매</span><span class="text text__num">31,530</span><span class="for-a11y">건</span></span></span><span class="box__itemcard-benefit-tag"><span class="box__tag box__tag-coupon"><span class="sprite__smilefresh--before box__inner">15% 쿠폰</span></span></span></a><button type="button" class="sprite__smilefresh--after button__favorite-item" aria-describedby="itemCard_title_2518062808" aria-pressed="false" aria-label="관심상품 등록하기"></button></div></div></div></div></li><li class="list-item"><div class="box__itemcard-container"><div class="box__itemcard-body"><div class="box__itemcard-inner"><a class="link__itemcard" href="https://item.gmarket.co.kr/Item?goodscode=2519505184" tabindex="-1" aria-hidden="true"><span class="box__itemcard-img"><img class="image__itemcard no-js-400?ver=1725100403" src="data:image/gif;base64,R0lGODlhAQABAIAAAP///wAAACH5BAEAAAAALAAAAAABAAEAAAICRAEAOw==" alt="코코팜 피치핑크 복숭아 1L - 상품 이미지"/><noscript><style>.no-js-400?ver=1725100403 { display: none !important; }</style><img class="image__itemcard" src="https://gdimg.gmarket.co.kr/2519505184/still/400?ver=1725100403" alt="코코팜 피치핑크 복숭아 1L - 상품 이미지"/></noscript></span></a><div class="box__itemcard-info"><div class="box__element-info"><div class="element-info-qty"><button aria-describedby="itemCard_title_2519505184" class="sprite__smilefresh--before element-info-qty-minus" aria-disabled="true"><span class="for-a11y">상품 수 <!-- -->1<!-- --> 감소</span></button><span class="element-info-item-qty" aria-describedby="itemCard_title_2519505184"><span class="for-a11y">선택된 수량</span> <!-- -->1</span><button aria-describedby="itemCard_title_2519505184" class="sprite__smilefresh--before element-info-qty-plus"><span class="for-a11y">상품 수 <!-- -->1<!-- --> 증가</span></button></div><button type="button" class="sprite__smilefresh--before element-info-cart" aria-describedby="itemCard_title_2519505184"><span class="for-a11y">장바구니 담기</span></button></div><a href="https://item.gmarket.co.kr/Item?goodscode=2519505184" class="link__itemcard-info"><span class="box__itemcard-title-area" id="itemCard_title_2519505184"><span class="text__title" id="item_title">코코팜 피치핑크 복숭아 1L</span></span><span class="box__itemcard-price-area"><span class="box__price-seller"><span class="for-a11y">판매가</span><strong class="text__price-seller">980</strong><span class="text__unit">원</span></span><span class="box__prime-cost"><span class="for-a11y">원가</span><strong class="text__dc-rate">55<!-- -->%</strong><span class="text__prime-cost">2,180<span class="text__unit">원</span></span></span></span><span class="box__itemcard-info-score"><span class="sprite__smilefresh--before box__score-awards"><span class="for-a11y">평점</span><span class="text text__score">4.8</span><span class="for-a11y">후기</span><span class="text text__num">(1,898)</span><span class="for-a11y">건</span></span><span class="box__score-buycnt"><span class="text text__buy">구매</span><span class="text text__num">10,796</span><span class="for-a11y">건</span></span></span><span class="box__itemcard-benefit-tag"><span class="box__tag box__tag-coupon"><span class="sprite__smilefresh--before box__inner">15% 쿠폰</span></span></span></a><button type="button" class="sprite__smilefresh--after button__favorite-item" aria-describedby="itemCard_title_2519505184" aria-pressed="false" aria-label="관심상품 등록하기"></button></div></div></div></div></li><li class="list-item"><div class="box__itemcard-container"><div class="box__itemcard-body"><div class="box__itemcard-inner"><a class="link__itemcard" href="https://item.gmarket.co.kr/Item?goodscode=3944183837" tabindex="-1" aria-hidden="true"><span class="box__itemcard-img"><img class="image__itemcard no-js-400?ver=1725143791" src="data:image/gif;base64,R0lGODlhAQABAIAAAP///wAAACH5BAEAAAAALAAAAAABAAEAAAICRAEAOw==" alt="초록매실 제로 1.35L - 상품 이미지"/><noscript><style>.no-js-400?ver=1725143791 { display: none !important; }</style><img class="image__itemcard" src="https://gdimg.gmarket.co.kr/3944183837/still/400?ver=1725143791" alt="초록매실 제로 1.35L - 상품 이미지"/></noscript></span></a><div class="box__itemcard-info"><div class="box__element-info"><div class="element-info-qty"><button aria-describedby="itemCard_title_3944183837" class="sprite__smilefresh--before element-info-qty-minus" aria-disabled="true"><span class="for-a11y">상품 수 <!-- -->1<!-- --> 감소</span></button><span class="element-info-item-qty" aria-describedby="itemCard_title_3944183837"><span class="for-a11y">선택된 수량</span> <!-- -->1</span><button aria-describedby="itemCard_title_3944183837" class="sprite__smilefresh--before element-info-qty-plus"><span class="for-a11y">상품 수 <!-- -->1<!-- --> 증가</span></button></div><button type="button" class="sprite__smilefresh--before element-info-cart" aria-describedby="itemCard_title_3944183837"><span class="for-a11y">장바구니 담기</span></button></div><a href="https://item.gmarket.co.kr/Item?goodscode=3944183837" class="link__itemcard-info"><span class="box__itemcard-title-area" id="itemCard_title_3944183837"><span class="text__title" id="item_title">초록매실 제로 1.35L</span></span><span class="box__itemcard-price-area"><span class="box__price-seller"><span class="for-a11y">판매가</span><strong class="text__price-seller">1,780</strong><span class="text__unit">원</span></span></span><span class="box__itemcard-info-score"><span class="sprite__smilefresh--before box__score-awards"><span class="for-a11y">평점</span><span class="text text__score">4.7</span><span class="for-a11y">후기</span><span class="text text__num">(161)</span><span class="for-a11y">건</span></span><span class="box__score-buycnt"><span class="text text__buy">구매</span><span class="text text__num">1,364</span><span class="for-a11y">건</span></span></span><span class="box__itemcard-benefit-tag"><span class="box__tag box__tag-coupon"><span class="sprite__smilefresh--before box__inner">15% 쿠폰</span></span></span></a><button type="button" class="sprite__smilefresh--after button__favorite-item" aria-describedby="itemCard_title_3944183837" aria-pressed="false" aria-label="관심상품 등록하기"></button></div></div></div></div></li><li class="list-item"><div class="box__itemcard-container"><div class="box__itemcard-body"><div class="box__itemcard-inner"><a class="link__itemcard" href="https://item.gmarket.co.kr/Item?goodscode=2519126283" tabindex="-1" aria-hidden="true"><span class="box__itemcard-img"><img class="image__itemcard no-js-400?ver=1725119202" src="data:image/gif;base64,R0lGODlhAQABAIAAAP///wAAACH5BAEAAAAALAAAAAABAAEAAAICRAEAOw==" alt="펩시 제로슈거 라임향 1.5L - 상품 이미지"/><noscript><style>.no-js-400?ver=1725119202 { display: none !important; }</style><img class="image__itemcard" src="https://gdimg.gmarket.co.kr/2519126283/still/400?ver=1725119202" alt="펩시 제로슈거 라임향 1.5L - 상품 이미지"/></noscript></span></a><div class="box__itemcard-info"><div class="box__element-info"><div class="element-info-qty"><button aria-describedby="itemCard_title_2519126283" class="sprite__smilefresh--before element-info-qty-minus" aria-disabled="true"><span class="for-a11y">상품 수 <!-- -->1<!-- --> 감소</span></button><span class="element-info-item-qty" aria-describedby="itemCard_title_2519126283"><span class="for-a11y">선택된 수량</span> <!-- -->1</span><button aria-describedby="itemCard_title_2519126283" class="sprite__smilefresh--before element-info-qty-plus"><span class="for-a11y">상품 수 <!-- -->1<!-- --> 증가</span></button></div><button type="button" class="sprite__smilefresh--before element-info-cart" aria-describedby="itemCard_title_2519126283"><span class="for-a11y">장바구니 담기</span></button></div><a href="https://item.gmarket.co.kr/Item?goodscode=2519126283" class="link__itemcard-info"><span class="box__itemcard-title-area" id="itemCard_title_2519126283"><span class="text__brand"><span class="text">롯데칠성</span></span><span class="text__title" id="item_title">펩시 제로슈거 라임향 1.5L</span></span><span class="box__itemcard-price-area"><span class="box__price-seller"><span class="for-a11y">판매가</span><strong class="text__price-seller">1,670</strong><span class="text__unit">원</span></span><span class="box__prime-cost"><span class="for-a11y">원가</span><strong class="text__dc-rate">39<!-- -->%</strong><span class="text__prime-cost">2,780<span class="text__unit">원</span></span><span class="text__unit-cost">(<!-- -->100mL당 111원<!-- -->)</span></span></span><span class="box__itemcard-info-score"><span class="sprite__smilefresh--before box__score-awards"><span class="for-a11y">평점</span><span class="text text__score">4.8</span><span class="for-a11y">후기</span><span class="text text__num">(584)</span><span class="for-a11y">건</span></span><span class="box__score-buycnt"><span class="text text__buy">구매</span><span class="text text__num">5,897</span><span class="for-a11y">건</span></span></span><span class="box__itemcard-benefit-tag"><span class="box__tag box__tag-coupon"><span class="sprite__smilefresh--before box__inner">15% 쿠폰</span></span></span></a><button type="button" class="sprite__smilefresh--after button__favorite-item" aria-describedby="itemCard_title_2519126283" aria-pressed="false" aria-label="관심상품 등록하기"></button></div></div></div></div></li><li class="list-item"><div class="box__itemcard-container"><div class="box__itemcard-body"><div class="box__itemcard-inner"><span class="box__thumbnail__label">2개 사면 할인</span><a class="link__itemcard" href="https://item.gmarket.co.kr/Item?goodscode=2522411453" tabindex="-1" aria-hidden="true"><span class="box__itemcard-img"><img class="image__itemcard no-js-400?ver=1725101581" src="data:image/gif;base64,R0lGODlhAQABAIAAAP///wAAACH5BAEAAAAALAAAAAABAAEAAAICRAEAOw==" alt="갈배사이다 1.5L - 상품 이미지"/><noscript><style>.no-js-400?ver=1725101581 { display: none !important; }</style><img class="image__itemcard" src="https://gdimg.gmarket.co.kr/2522411453/still/400?ver=1725101581" alt="갈배사이다 1.5L - 상품 이미지"/></noscript></span></a><div class="box__itemcard-info"><div class="box__element-info"><div class="element-info-qty"><button aria-describedby="itemCard_title_2522411453" class="sprite__smilefresh--before element-info-qty-minus" aria-disabled="true"><span class="for-a11y">상품 수 <!-- -->1<!-- --> 감소</span></button><span class="element-info-item-qty" aria-describedby="itemCard_title_2522411453"><span class="for-a11y">선택된 수량</span> <!-- -->1</span><button aria-describedby="itemCard_title_2522411453" class="sprite__smilefresh--before element-info-qty-plus"><span class="for-a11y">상품 수 <!-- -->1<!-- --> 증가</span></button></div><button type="button" class="sprite__smilefresh--before element-info-cart" aria-describedby="itemCard_title_2522411453"><span class="for-a11y">장바구니 담기</span></button></div><a href="https://item.gmarket.co.kr/Item?goodscode=2522411453" class="link__itemcard-info"><span class="box__itemcard-title-area" id="itemCard_title_2522411453"><span class="text__brand"><span class="text">갈배사이다</span></span><span class="text__title" id="item_title">갈배사이다 1.5L</span></span><span class="box__itemcard-price-area"><span class="box__price-seller"><span class="for-a11y">판매가</span><strong class="text__price-seller">3,280</strong><span class="text__unit">원</span></span><span class="box__prime-cost"><span class="for-a11y">원가</span><span class="text__unit-cost">(<!-- -->100mL당 219원<!-- -->)</span></span></span><span class="box__itemcard-info-score"><span class="sprite__smilefresh--before box__score-awards"><span class="for-a11y">평점</span><span class="text text__score">4.8</span><span class="for-a11y">후기</span><span class="text text__num">(1,477)</span><span class="for-a11y">건</span></span><span class="box__score-buycnt"><span class="text text__buy">구매</span><span class="text text__num">7,480</span><span class="for-a11y">건</span></span></span><span class="box__itemcard-benefit-tag"><span class="box__tag box__tag-coupon"><span class="sprite__smilefresh--before box__inner">15% 쿠폰</span></span></span></a><button type="button" class="sprite__smilefresh--after button__favorite-item" aria-describedby="itemCard_title_2522411453" aria-pressed="false" aria-label="관심상품 등록하기"></button></div></div></div></div></li><li class="list-item"><div class="box__itemcard-container"><div class="box__itemcard-body"><div class="box__itemcard-inner"><a class="link__itemcard" href="https://item.gmarket.co.kr/Item?goodscode=2518941477" tabindex="-1" aria-hidden="true"><span class="box__itemcard-img"><img class="image__itemcard no-js-400?ver=1723178358" src="data:image/gif;base64,R0lGODlhAQABAIAAAP///wAAACH5BAEAAAAALAAAAAABAAEAAAICRAEAOw==" alt="농심 백산수 2L 6입(무라벨) - 상품 이미지"/><noscript><style>.no-js-400?ver=1723178358 { display: none !important; }</style><img class="image__itemcard" src="https://gdimg.gmarket.co.kr/2518941477/still/400?ver=1723178358" alt="농심 백산수 2L 6입(무라벨) - 상품 이미지"/></noscript></span></a><div class="box__itemcard-info"><div class="box__element-info"><div class="element-info-qty"><button aria-describedby="itemCard_title_2518941477" class="sprite__smilefresh--before element-info-qty-minus" aria-disabled="true"><span class="for-a11y">상품 수 <!-- -->1<!-- --> 감소</span></button><span class="element-info-item-qty" aria-describedby="itemCard_title_2518941477"><span class="for-a11y">선택된 수량</span> <!-- -->1</span><button aria-describedby="itemCard_title_2518941477" class="sprite__smilefresh--before element-info-qty-plus"><span class="for-a11y">상품 수 <!-- -->1<!-- --> 증가</span></button></div><button type="button" class="sprite__smilefresh--before element-info-cart" aria-describedby="itemCard_title_2518941477"><span class="for-a11y">장바구니 담기</span></button></div><a href="https://item.gmarket.co.kr/Item?goodscode=2518941477" class="link__itemcard-info"><span class="box__itemcard-title-area" id="itemCard_title_2518941477"><span class="text__brand"><span class="text">농심</span></span><span class="text__title" id="item_title">농심 백산수 2L 6입(무라벨)</span></span><span class="box__itemcard-price-area"><span class="box__price-seller"><span class="for-a11y">판매가</span><strong class="text__price-seller">5,880</strong><span class="text__unit">원</span></span></span><span class="box__itemcard-info-score"><span class="sprite__smilefresh--before box__score-awards"><span class="for-a11y">평점</span><span class="text text__score">4.7</span><span class="for-a11y">후기</span><span class="text text__num">(2,276)</span><span class="for-a11y">건</span></span><span class="box__score-buycnt"><span class="text text__buy">구매</span><span class="text text__num">9,644</span><span class="for-a11y">건</span></span></span><span class="box__itemcard-benefit-tag"><span class="box__tag box__tag-coupon"><span class="sprite__smilefresh--before box__inner">15% 쿠폰</span></span></span></a><button type="button" class="sprite__smilefresh--after button__favorite-item" aria-describedby="itemCard_title_2518941477" aria-pressed="false" aria-label="관심상품 등록하기"></button></div></div></div></div></li><li class="list-item"><div class="box__itemcard-container"><div class="box__itemcard-body"><div class="box__itemcard-inner"><span class="box__thumbnail__label">2개 사면 할인</span><a class="link__itemcard" href="https://item.gmarket.co.kr/Item?goodscode=2522742757" tabindex="-1" aria-hidden="true"><span class="box__itemcard-img"><img class="image__itemcard no-js-400?ver=1725107424" src="data:image/gif;base64,R0lGODlhAQABAIAAAP///wAAACH5BAEAAAAALAAAAAABAAEAAAICRAEAOw==" alt="웅진_티즐 제로유자그린티500mL - 상품 이미지"/><noscript><style>.no-js-400?ver=1725107424 { display: none !important; }</style><img class="image__itemcard" src="https://gdimg.gmarket.co.kr/2522742757/still/400?ver=1725107424" alt="웅진_티즐 제로유자그린티500mL - 상품 이미지"/></noscript></span></a><div class="box__itemcard-info"><div class="box__element-info"><div class="element-info-qty"><button aria-describedby="itemCard_title_2522742757" class="sprite__smilefresh--before element-info-qty-minus" aria-disabled="true"><span class="for-a11y">상품 수 <!-- -->1<!-- --> 감소</span></button><span class="element-info-item-qty" aria-describedby="itemCard_title_2522742757"><span class="for-a11y">선택된 수량</span> <!-- -->1</span><button aria-describedby="itemCard_title_2522742757" class="sprite__smilefresh--before element-info-qty-plus"><span class="for-a11y">상품 수 <!-- -->1<!-- --> 증가</span></button></div><button type="button" class="sprite__smilefresh--before element-info-cart" aria-describedby="itemCard_title_2522742757"><span class="for-a11y">장바구니 담기</span></button></div><a href="https://item.gmarket.co.kr/Item?goodscode=2522742757" class="link__itemcard-info"><span class="box__itemcard-title-area" id="itemCard_title_2522742757"><span class="text__brand"><span class="text">웅진</span></span><span class="text__title" id="item_title">웅진_티즐 제로유자그린티500mL</span></span><span class="box__itemcard-price-area"><span class="box__price-seller"><span class="for-a11y">판매가</span><strong class="text__price-seller">1,600</strong><span class="text__unit">원</span></span><span class="box__prime-cost"><span class="for-a11y">원가</span><span class="text__unit-cost">(<!-- -->100mL당 320원<!-- -->)</span></span></span><span class="box__itemcard-info-score"><span class="sprite__smilefresh--before box__score-awards"><span class="for-a11y">평점</span><span class="text text__score">4.8</span><span class="for-a11y">후기</span><span class="text text__num">(835)</span><span class="for-a11y">건</span></span><span class="box__score-buycnt"><span class="text text__buy">구매</span><span class="text text__num">6,189</span><span class="for-a11y">건</span></span></span><span class="box__itemcard-benefit-tag"><span class="box__tag box__tag-coupon"><span class="sprite__smilefresh--before box__inner">15% 쿠폰</span></span></span></a><button type="button" class="sprite__smilefresh--after button__favorite-item" aria-describedby="itemCard_title_2522742757" aria-pressed="false" aria-label="관심상품 등록하기"></button></div></div></div></div></li><li class="list-item"><div class="box__itemcard-container"><div class="box__itemcard-body"><div class="box__itemcard-inner"><a class="link__itemcard" href="https://item.gmarket.co.kr/Item?goodscode=2523388072" tabindex="-1" aria-hidden="true"><span class="box__itemcard-img"><img class="image__itemcard no-js-400?ver=1725100022" src="data:image/gif;base64,R0lGODlhAQABAIAAAP///wAAACH5BAEAAAAALAAAAAABAAEAAAICRAEAOw==" alt="서울우유 아침에주스 오렌지 1.8L - 상품 이미지"/><noscript><style>.no-js-400?ver=1725100022 { display: none !important; }</style><img class="image__itemcard" src="https://gdimg.gmarket.co.kr/2523388072/still/400?ver=1725100022" alt="서울우유 아침에주스 오렌지 1.8L - 상품 이미지"/></noscript></span></a><div class="box__itemcard-info"><div class="box__element-info"><div class="element-info-qty"><button aria-describedby="itemCard_title_2523388072" class="sprite__smilefresh--before element-info-qty-minus" aria-disabled="true"><span class="for-a11y">상품 수 <!-- -->1<!-- --> 감소</span></button><span class="element-info-item-qty" aria-describedby="itemCard_title_2523388072"><span class="for-a11y">선택된 수량</span> <!-- -->1</span><button aria-describedby="itemCard_title_2523388072" class="sprite__smilefresh--before element-info-qty-plus"><span class="for-a11y">상품 수 <!-- -->1<!-- --> 증가</span></button></div><button type="button" class="sprite__smilefresh--before element-info-cart" aria-describedby="itemCard_title_2523388072"><span class="for-a11y">장바구니 담기</span></button></div><a href="https://item.gmarket.co.kr/Item?goodscode=2523388072" class="link__itemcard-info"><span class="box__itemcard-title-area" id="itemCard_title_2523388072"><span class="text__brand"><span class="text">아침에주스</span></span><span class="text__title" id="item_title">서울우유 아침에주스 오렌지 1.8L</span></span><span class="box__itemcard-price-area"><span class="box__price-seller"><span class="for-a11y">판매가</span><strong class="text__price-seller">6,480</strong><span class="text__unit">원</span></span><span class="box__prime-cost"><span class="for-a11y">원가</span><span class="text__unit-cost">(<!-- -->100mL당 360원<!-- -->)</span></span></span><span class="box__itemcard-info-score"><span class="sprite__smilefresh--before box__score-awards"><span class="for-a11y">평점</span><span class="text text__score">4.8</span><span class="for-a11y">후기</span><span class="text text__num">(2,860)</span><span class="for-a11y">건</span></span><span class="box__score-buycnt"><span class="text text__buy">구매</span><span class="text text__num">9,772</span><span class="for-a11y">건</span></span></span><span class="box__itemcard-benefit-tag"><span class="box__tag box__tag-coupon"><span class="sprite__smilefresh--before box__inner">15% 쿠폰</span></span></span></a><button type="button" class="sprite__smilefresh--after button__favorite-item" aria-describedby="itemCard_title_2523388072" aria-pressed="false" aria-label="관심상품 등록하기"></button></div></div></div></div></li><li class="list-item"><div class="box__itemcard-container"><div class="box__itemcard-body"><div class="box__itemcard-inner"><a class="link__itemcard" href="https://item.gmarket.co.kr/Item?goodscode=2523407923" tabindex="-1" aria-hidden="true"><span class="box__itemcard-img"><img class="image__itemcard no-js-400?ver=1714095813" src="data:image/gif;base64,R0lGODlhAQABAIAAAP///wAAACH5BAEAAAAALAAAAAABAAEAAAICRAEAOw==" alt="삼다수 500ml - 상품 이미지"/><noscript><style>.no-js-400?ver=1714095813 { display: none !important; }</style><img class="image__itemcard" src="https://gdimg.gmarket.co.kr/2523407923/still/400?ver=1714095813" alt="삼다수 500ml - 상품 이미지"/></noscript></span></a><div class="box__itemcard-info"><div class="box__element-info"><div class="element-info-qty"><button aria-describedby="itemCard_title_2523407923" class="sprite__smilefresh--before element-info-qty-minus" aria-disabled="true"><span class="for-a11y">상품 수 <!-- -->4<!-- --> 감소</span></button><span class="element-info-item-qty" aria-describedby="itemCard_title_2523407923"><span class="for-a11y">선택된 수량</span> <!-- -->4</span><button aria-describedby="itemCard_title_2523407923" class="sprite__smilefresh--before element-info-qty-plus"><span class="for-a11y">상품 수 <!-- -->4<!-- --> 증가</span></button></div><button type="button" class="sprite__smilefresh--before element-info-cart" aria-describedby="itemCard_title_2523407923"><span class="for-a11y">장바구니 담기</span></button></div><a href="https://item.gmarket.co.kr/Item?goodscode=2523407923" class="link__itemcard-info"><span class="box__itemcard-title-area" id="itemCard_title_2523407923"><span class="text__brand"><span class="text">제주삼다수</span></span><span class="text__title" id="item_title">삼다수 500ml</span></span><span class="box__itemcard-price-area"><span class="box__price-seller"><span class="for-a11y">판매가</span><strong class="text__price-seller">480</strong><span class="text__unit">원</span></span></span><span class="box__itemcard-info-score"><span class="sprite__smilefresh--before box__score-awards"><span class="for-a11y">평점</span><span class="text text__score">4.8</span><span class="for-a11y">후기</span><span class="text text__num">(2,731)</span><span class="for-a11y">건</span></span><span class="box__score-buycnt"><span class="text text__buy">구매</span><span class="text text__num">201,680</span><span class="for-a11y">건</span></span></span><span class="box__itemcard-benefit-tag"><span class="box__tag box__tag-coupon"><span class="sprite__smilefresh--before box__inner">15% 쿠폰</span></span></span></a><button type="button" class="sprite__smilefresh--after button__favorite-item" aria-describedby="itemCard_title_2523407923" aria-pressed="false" aria-label="관심상품 등록하기"></button></div></div></div></div></li><li class="list-item"><div class="box__itemcard-container"><div class="box__itemcard-body"><div class="box__itemcard-inner"><a class="link__itemcard" href="https://item.gmarket.co.kr/Item?goodscode=2518842977" tabindex="-1" aria-hidden="true"><span class="box__itemcard-img"><img class="image__itemcard no-js-400?ver=1725115011" src="data:image/gif;base64,R0lGODlhAQABAIAAAP///wAAACH5BAEAAAAALAAAAAABAAEAAAICRAEAOw==" alt="스프라이트 제로 1.5L - 상품 이미지"/><noscript><style>.no-js-400?ver=1725115011 { display: none !important; }</style><img class="image__itemcard" src="https://gdimg.gmarket.co.kr/2518842977/still/400?ver=1725115011" alt="스프라이트 제로 1.5L - 상품 이미지"/></noscript></span></a><div class="box__itemcard-info"><div class="box__element-info"><div class="element-info-qty"><button aria-describedby="itemCard_title_2518842977" class="sprite__smilefresh--before element-info-qty-minus" aria-disabled="true"><span class="for-a11y">상품 수 <!-- -->1<!-- --> 감소</span></button><span class="element-info-item-qty" aria-describedby="itemCard_title_2518842977"><span class="for-a11y">선택된 수량</span> <!-- -->1</span><button aria-describedby="itemCard_title_2518842977" class="sprite__smilefresh--before element-info-qty-plus"><span class="for-a11y">상품 수 <!-- -->1<!-- --> 증가</span></button></div><button type="button" class="sprite__smilefresh--before element-info-cart" aria-describedby="itemCard_title_2518842977"><span class="for-a11y">장바구니 담기</span></button></div><a href="https://item.gmarket.co.kr/Item?goodscode=2518842977" class="link__itemcard-info"><span class="box__itemcard-title-area" id="itemCard_title_2518842977"><span class="text__brand"><span class="text">스프라이트 제로</span></span><span class="text__title" id="item_title">스프라이트 제로 1.5L</span></span><span class="box__itemcard-price-area"><span class="box__price-seller"><span class="for-a11y">판매가</span><strong class="text__price-seller">1,440</strong><span class="text__unit">원</span></span><span class="box__prime-cost"><span class="for-a11y">원가</span><span class="text__unit-cost">(<!-- -->100mL당 96원<!-- -->)</span></span></span><span class="box__itemcard-info-score"><span class="sprite__smilefresh--before box__score-awards"><span class="for-a11y">평점</span><span class="text text__score">4.8</span><span class="for-a11y">후기</span><span class="text text__num">(1,892)</span><span class="for-a11y">건</span></span><span class="box__score-buycnt"><span class="text text__buy">구매</span><span class="text text__num">14,651</span><span class="for-a11y">건</span></span></span><span class="box__itemcard-benefit-tag"><span class="box__tag box__tag-coupon"><span class="sprite__smilefresh--before box__inner">15% 쿠폰</span></span></span></a><button type="button" class="sprite__smilefresh--after button__favorite-item" aria-describedby="itemCard_title_2518842977" aria-pressed="false" aria-label="관심상품 등록하기"></button></div></div></div></div></li><li class="list-item"><div class="box__itemcard-container"><div class="box__itemcard-body"><div class="box__itemcard-inner"><a class="link__itemcard" href="https://item.gmarket.co.kr/Item?goodscode=2518622377" tabindex="-1" aria-hidden="true"><span class="box__itemcard-img"><img class="image__itemcard no-js-400?ver=1725091777" src="data:image/gif;base64,R0lGODlhAQABAIAAAP///wAAACH5BAEAAAAALAAAAAABAAEAAAICRAEAOw==" alt="스프라이트 1.5L - 상품 이미지"/><noscript><style>.no-js-400?ver=1725091777 { display: none !important; }</style><img class="image__itemcard" src="https://gdimg.gmarket.co.kr/2518622377/still/400?ver=1725091777" alt="스프라이트 1.5L - 상품 이미지"/></noscript></span></a><div class="box__itemcard-info"><div class="box__element-info"><div class="element-info-qty"><button aria-describedby="itemCard_title_2518622377" class="sprite__smilefresh--before element-info-qty-minus" aria-disabled="true"><span class="for-a11y">상품 수 <!-- -->1<!-- --> 감소</span></button><span class="element-info-item-qty" aria-describedby="itemCard_title_2518622377"><span class="for-a11y">선택된 수량</span> <!-- -->1</span><button aria-describedby="itemCard_title_2518622377" class="sprite__smilefresh--before element-info-qty-plus"><span class="for-a11y">상품 수 <!-- -->1<!-- --> 증가</span></button></div><button type="button" class="sprite__smilefresh--before element-info-cart" aria-describedby="itemCard_title_2518622377"><span class="for-a11y">장바구니 담기</span></button></div><a href="https://item.gmarket.co.kr/Item?goodscode=2518622377" class="link__itemcard-info"><span class="box__itemcard-title-area" id="itemCard_title_2518622377"><span class="text__brand"><span class="text">스프라이트</span></span><span class="text__title" id="item_title">스프라이트 1.5L</span></span><span class="box__itemcard-price-area"><span class="box__price-seller"><span class="for-a11y">판매가</span><strong class="text__price-seller">1,440</strong><span class="text__unit">원</span></span><span class="box__prime-cost"><span class="for-a11y">원가</span><span class="text__unit-cost">(<!-- -->100mL당 96원<!-- -->)</span></span></span><span class="box__itemcard-info-score"><span class="sprite__smilefresh--before box__score-awards"><span class="for-a11y">평점</span><span class="text text__score">4.8</span><span class="for-a11y">후기</span><span class="text text__num">(2,036)</span><span class="for-a11y">건</span></span><span class="box__score-buycnt"><span class="text text__buy">구매</span><span class="text text__num">13,469</span><span class="for-a11y">건</span></span></span><span class="box__itemcard-benefit-tag"><span class="box__tag box__tag-coupon"><span class="sprite__smilefresh--before box__inner">15% 쿠폰</span></span></span></a><button type="button" class="sprite__smilefresh--after button__favorite-item" aria-describedby="itemCard_title_2518622377" aria-pressed="false" aria-label="관심상품 등록하기"></button></div></div></div></div></li><li class="list-item"><div class="box__itemcard-container"><div class="box__itemcard-body"><div class="box__itemcard-inner"><a class="link__itemcard" href="https://item.gmarket.co.kr/Item?goodscode=2519504771" tabindex="-1" aria-hidden="true"><span class="box__itemcard-img"><img class="image__itemcard no-js-400?ver=1725100135" src="data:image/gif;base64,R0lGODlhAQABAIAAAP///wAAACH5BAEAAAAALAAAAAABAAEAAAICRAEAOw==" alt="코코팜 포도 1.0L PET - 상품 이미지"/><noscript><style>.no-js-400?ver=1725100135 { display: none !important; }</style><img class="image__itemcard" src="https://gdimg.gmarket.co.kr/2519504771/still/400?ver=1725100135" alt="코코팜 포도 1.0L PET - 상품 이미지"/></noscript></span></a><div class="box__itemcard-info"><div class="box__element-info"><div class="element-info-qty"><button aria-describedby="itemCard_title_2519504771" class="sprite__smilefresh--before element-info-qty-minus" aria-disabled="true"><span class="for-a11y">상품 수 <!-- -->1<!-- --> 감소</span></button><span class="element-info-item-qty" aria-describedby="itemCard_title_2519504771"><span class="for-a11y">선택된 수량</span> <!-- -->1</span><button aria-describedby="itemCard_title_2519504771" class="sprite__smilefresh--before element-info-qty-plus"><span class="for-a11y">상품 수 <!-- -->1<!-- --> 증가</span></button></div><button type="button" class="sprite__smilefresh--before element-info-cart" aria-describedby="itemCard_title_2519504771"><span class="for-a11y">장바구니 담기</span></button></div><a href="https://item.gmarket.co.kr/Item?goodscode=2519504771" class="link__itemcard-info"><span class="box__itemcard-title-area" id="itemCard_title_2519504771"><span class="text__title" id="item_title">코코팜 포도 1.0L PET</span></span><span class="box__itemcard-price-area"><span class="box__price-seller"><span class="for-a11y">판매가</span><strong class="text__price-seller">980</strong><span class="text__unit">원</span></span><span class="box__prime-cost"><span class="for-a11y">원가</span><strong class="text__dc-rate">55<!-- -->%</strong><span class="text__prime-cost">2,180<span class="text__unit">원</span></span></span></span><span class="box__itemcard-info-score"><span class="sprite__smilefresh--before box__score-awards"><span class="for-a11y">평점</span><span class="text text__score">4.8</span><span class="for-a11y">후기</span><span class="text text__num">(963)</span><span class="for-a11y">건</span></span><span class="box__score-buycnt"><span class="text text__buy">구매</span><span class="text text__num">5,329</span><span class="for-a11y">건</span></span></span><span class="box__itemcard-benefit-tag"><span class="box__tag box__tag-coupon"><span class="sprite__smilefresh--before box__inner">15% 쿠폰</span></span></span></a><button type="button" class="sprite__smilefresh--after button__favorite-item" aria-describedby="itemCard_title_2519504771" aria-pressed="false" aria-label="관심상품 등록하기"></button></div></div></div></div></li><li class="list-item"><div class="box__itemcard-container"><div class="box__itemcard-body"><div class="box__itemcard-inner"><a class="link__itemcard" href="https://item.gmarket.co.kr/Item?goodscode=3736935533" tabindex="-1" aria-hidden="true"><span class="box__itemcard-img"><img class="image__itemcard no-js-400?ver=1725143612" src="data:image/gif;base64,R0lGODlhAQABAIAAAP///wAAACH5BAEAAAAALAAAAAABAAEAAAICRAEAOw==" alt="노브랜드 사이다 1.5L - 상품 이미지"/><noscript><style>.no-js-400?ver=1725143612 { display: none !important; }</style><img class="image__itemcard" src="https://gdimg.gmarket.co.kr/3736935533/still/400?ver=1725143612" alt="노브랜드 사이다 1.5L - 상품 이미지"/></noscript></span></a><div class="box__itemcard-info"><div class="box__element-info"><div class="element-info-qty"><button aria-describedby="itemCard_title_3736935533" class="sprite__smilefresh--before element-info-qty-minus" aria-disabled="true"><span class="for-a11y">상품 수 <!-- -->1<!-- --> 감소</span></button><span class="element-info-item-qty" aria-describedby="itemCard_title_3736935533"><span class="for-a11y">선택된 수량</span> <!-- -->1</span><button aria-describedby="itemCard_title_3736935533" class="sprite__smilefresh--before element-info-qty-plus"><span class="for-a11y">상품 수 <!-- -->1<!-- --> 증가</span></button></div><button type="button" class="sprite__smilefresh--before element-info-cart" aria-describedby="itemCard_title_3736935533"><span class="for-a11y">장바구니 담기</span></button></div><a href="https://item.gmarket.co.kr/Item?goodscode=3736935533" class="link__itemcard-info"><span class="box__itemcard-title-area" id="itemCard_title_3736935533"><span class="text__brand"><span class="text">노브랜드</span></span><span class="text__title" id="item_title">노브랜드 사이다 1.5L</span></span><span class="box__itemcard-price-area"><span class="box__price-seller"><span class="for-a11y">판매가</span><strong class="text__price-seller">980</strong><span class="text__unit">원</span></span><span class="box__prime-cost"><span class="for-a11y">원가</span><span class="text__unit-cost">(<!-- -->100mL당 65원<!-- -->)</span></span></span><span class="box__itemcard-info-score"><span class="sprite__smilefresh--before box__score-awards"><span class="for-a11y">평점</span><span class="text text__score">4.7</span><span class="for-a11y">후기</span><span class="text text__num">(447)</span><span class="for-a11y">건</span></span><span class="box__score-buycnt"><span class="text text__buy">구매</span><span class="text text__num">2,705</span><span class="for-a11y">건</span></span></span><span class="box__itemcard-benefit-tag"><span class="box__tag box__tag-coupon"><span class="sprite__smilefresh--before box__inner">15% 쿠폰</span></span></span></a><button type="button" class="sprite__smilefresh--after button__favorite-item" aria-describedby="itemCard_title_3736935533" aria-pressed="false" aria-label="관심상품 등록하기"></button></div></div></div></div></li><li class="list-item"><div class="box__itemcard-container"><div class="box__itemcard-body"><div class="box__itemcard-inner"><a class="link__itemcard" href="https://item.gmarket.co.kr/Item?goodscode=2908993993" tabindex="-1" aria-hidden="true"><span class="box__itemcard-img"><img class="image__itemcard no-js-400?ver=1725126682" src="data:image/gif;base64,R0lGODlhAQABAIAAAP///wAAACH5BAEAAAAALAAAAAABAAEAAAICRAEAOw==" alt="노브랜드 제로콜라 1L - 상품 이미지"/><noscript><style>.no-js-400?ver=1725126682 { display: none !important; }</style><img class="image__itemcard" src="https://gdimg.gmarket.co.kr/2908993993/still/400?ver=1725126682" alt="노브랜드 제로콜라 1L - 상품 이미지"/></noscript></span></a><div class="box__itemcard-info"><div class="box__element-info"><div class="element-info-qty"><button aria-describedby="itemCard_title_2908993993" class="sprite__smilefresh--before element-info-qty-minus" aria-disabled="true"><span class="for-a11y">상품 수 <!-- -->1<!-- --> 감소</span></button><span class="element-info-item-qty" aria-describedby="itemCard_title_2908993993"><span class="for-a11y">선택된 수량</span> <!-- -->1</span><button aria-describedby="itemCard_title_2908993993" class="sprite__smilefresh--before element-info-qty-plus"><span class="for-a11y">상품 수 <!-- -->1<!-- --> 증가</span></button></div><button type="button" class="sprite__smilefresh--before element-info-cart" aria-describedby="itemCard_title_2908993993"><span class="for-a11y">장바구니 담기</span></button></div><a href="https://item.gmarket.co.kr/Item?goodscode=2908993993" class="link__itemcard-info"><span class="box__itemcard-title-area" id="itemCard_title_2908993993"><span class="text__brand"><span class="text">노브랜드</span></span><span class="text__title" id="item_title">노브랜드 제로콜라 1L</span></span><span class="box__itemcard-price-area"><span class="box__price-seller"><span class="for-a11y">판매가</span><strong class="text__price-seller">980</strong><span class="text__unit">원</span></span><span class="box__prime-cost"><span class="for-a11y">원가</span><span class="text__unit-cost">(<!-- -->100mL당 98원<!-- -->)</span></span></span><span class="box__itemcard-info-score"><span class="sprite__smilefresh--before box__score-awards"><span class="for-a11y">평점</span><span class="text text__score">4.8</span><span class="for-a11y">후기</span><span class="text text__num">(1,979)</span><span class="for-a11y">건</span></span><span class="box__score-buycnt"><span class="text text__buy">구매</span><span class="text text__num">9,727</span><span class="for-a11y">건</span></span></span></a><button type="button" class="sprite__smilefresh--after button__favorite-item" aria-describedby="itemCard_title_2908993993" aria-pressed="false" aria-label="관심상품 등록하기"></button></div></div></div></div></li><li class="list-item"><div class="box__itemcard-container"><div class="box__itemcard-body"><div class="box__itemcard-inner"><a class="link__itemcard" href="https://item.gmarket.co.kr/Item?goodscode=2894219620" tabindex="-1" aria-hidden="true"><span class="box__itemcard-img"><img class="image__itemcard no-js-400?ver=1725129938" src="data:image/gif;base64,R0lGODlhAQABAIAAAP///wAAACH5BAEAAAAALAAAAAABAAEAAAICRAEAOw==" alt="노브랜드 캔콜라 제로 355ml6 - 상품 이미지"/><noscript><style>.no-js-400?ver=1725129938 { display: none !important; }</style><img class="image__itemcard" src="https://gdimg.gmarket.co.kr/2894219620/still/400?ver=1725129938" alt="노브랜드 캔콜라 제로 355ml6 - 상품 이미지"/></noscript></span></a><div class="box__itemcard-info"><div class="box__element-info"><div class="element-info-qty"><button aria-describedby="itemCard_title_2894219620" class="sprite__smilefresh--before element-info-qty-minus" aria-disabled="true"><span class="for-a11y">상품 수 <!-- -->1<!-- --> 감소</span></button><span class="element-info-item-qty" aria-describedby="itemCard_title_2894219620"><span class="for-a11y">선택된 수량</span> <!-- -->1</span><button aria-describedby="itemCard_title_2894219620" class="sprite__smilefresh--before element-info-qty-plus"><span class="for-a11y">상품 수 <!-- -->1<!-- --> 증가</span></button></div><button type="button" class="sprite__smilefresh--before element-info-cart" aria-describedby="itemCard_title_2894219620"><span class="for-a11y">장바구니 담기</span></button></div><a href="https://item.gmarket.co.kr/Item?goodscode=2894219620" class="link__itemcard-info"><span class="box__itemcard-title-area" id="itemCard_title_2894219620"><span class="text__brand"><span class="text">노브랜드</span></span><span class="text__title" id="item_title">노브랜드 캔콜라 제로 355ml6</span></span><span class="box__itemcard-price-area"><span class="box__price-seller"><span class="for-a11y">판매가</span><strong class="text__price-seller">2,880</strong><span class="text__unit">원</span></span><span class="box__prime-cost"><span class="for-a11y">원가</span><span class="text__unit-cost">(<!-- -->100mL당 135원<!-- -->)</span></span></span><span class="box__itemcard-info-score"><span class="sprite__smilefresh--before box__score-awards"><span class="for-a11y">평점</span><span class="text text__score">4.8</span><span class="for-a11y">후기</span><span class="text text__num">(1,873)</span><span class="for-a11y">건</span></span><span class="box__score-buycnt"><span class="text text__buy">구매</span><span class="text text__num">5,381</span><span class="for-a11y">건</span></span></span></a><button type="button" class="sprite__smilefresh--after button__favorite-item" aria-describedby="itemCard_title_2894219620" aria-pressed="false" aria-label="관심상품 등록하기"></button></div></div></div></div></li><li class="list-item"><div class="box__itemcard-container"><div class="box__itemcard-body"><div class="box__itemcard-inner"><a class="link__itemcard" href="https://item.gmarket.co.kr/Item?goodscode=2518609741" tabindex="-1" aria-hidden="true"><span class="box__itemcard-img"><img class="image__itemcard no-js-400?ver=1725091762" src="data:image/gif;base64,R0lGODlhAQABAIAAAP///wAAACH5BAEAAAAALAAAAAABAAEAAAICRAEAOw==" alt="암바사 1.5L - 상품 이미지"/><noscript><style>.no-js-400?ver=1725091762 { display: none !important; }</style><img class="image__itemcard" src="https://gdimg.gmarket.co.kr/2518609741/still/400?ver=1725091762" alt="암바사 1.5L - 상품 이미지"/></noscript></span></a><div class="box__itemcard-info"><div class="box__element-info"><div class="element-info-qty"><button aria-describedby="itemCard_title_2518609741" class="sprite__smilefresh--before element-info-qty-minus" aria-disabled="true"><span class="for-a11y">상품 수 <!-- -->1<!-- --> 감소</span></button><span class="element-info-item-qty" aria-describedby="itemCard_title_2518609741"><span class="for-a11y">선택된 수량</span> <!-- -->1</span><button aria-describedby="itemCard_title_2518609741" class="sprite__smilefresh--before element-info-qty-plus"><span class="for-a11y">상품 수 <!-- -->1<!-- --> 증가</span></button></div><button type="button" class="sprite__smilefresh--before element-info-cart" aria-describedby="itemCard_title_2518609741"><span class="for-a11y">장바구니 담기</span></button></div><a href="https://item.gmarket.co.kr/Item?goodscode=2518609741" class="link__itemcard-info"><span class="box__itemcard-title-area" id="itemCard_title_2518609741"><span class="text__brand"><span class="text">환타 밀크소다</span></span><span class="text__title" id="item_title">암바사 1.5L</span></span><span class="box__itemcard-price-area"><span class="box__price-seller"><span class="for-a11y">판매가</span><strong class="text__price-seller">1,190</strong><span class="text__unit">원</span></span><span class="box__prime-cost"><span class="for-a11y">원가</span><span class="text__unit-cost">(<!-- -->100mL당 79원<!-- -->)</span></span></span><span class="box__itemcard-info-score"><span class="sprite__smilefresh--before box__score-awards"><span class="for-a11y">평점</span><span class="text text__score">4.8</span><span class="for-a11y">후기</span><span class="text text__num">(988)</span><span class="for-a11y">건</span></span><span class="box__score-buycnt"><span class="text text__buy">구매</span><span class="text text__num">6,078</span><span class="for-a11y">건</span></span></span><span class="box__itemcard-benefit-tag"><span class="box__tag box__tag-coupon"><span class="sprite__smilefresh--before box__inner">15% 쿠폰</span></span></span></a><button type="button" class="sprite__smilefresh--after button__favorite-item" aria-describedby="itemCard_title_2518609741" aria-pressed="false" aria-label="관심상품 등록하기"></button></div></div></div></div></li><li class="list-item"><div class="box__itemcard-container"><div class="box__itemcard-body"><div class="box__itemcard-inner"><a class="link__itemcard" href="https://item.gmarket.co.kr/Item?goodscode=2522368370" tabindex="-1" aria-hidden="true"><span class="box__itemcard-img"><img class="image__itemcard no-js-400?ver=1725101342" src="data:image/gif;base64,R0lGODlhAQABAIAAAP///wAAACH5BAEAAAAALAAAAAABAAEAAAICRAEAOw==" alt="칠성사이다210캔10 - 상품 이미지"/><noscript><style>.no-js-400?ver=1725101342 { display: none !important; }</style><img class="image__itemcard" src="https://gdimg.gmarket.co.kr/2522368370/still/400?ver=1725101342" alt="칠성사이다210캔10 - 상품 이미지"/></noscript></span></a><div class="box__itemcard-info"><div class="box__element-info"><div class="element-info-qty"><button aria-describedby="itemCard_title_2522368370" class="sprite__smilefresh--before element-info-qty-minus" aria-disabled="true"><span class="for-a11y">상품 수 <!-- -->1<!-- --> 감소</span></button><span class="element-info-item-qty" aria-describedby="itemCard_title_2522368370"><span class="for-a11y">선택된 수량</span> <!-- -->1</span><button aria-describedby="itemCard_title_2522368370" class="sprite__smilefresh--before element-info-qty-plus"><span class="for-a11y">상품 수 <!-- -->1<!-- --> 증가</span></button></div><button type="button" class="sprite__smilefresh--before element-info-cart" aria-describedby="itemCard_title_2522368370"><span class="for-a11y">장바구니 담기</span></button></div><a href="https://item.gmarket.co.kr/Item?goodscode=2522368370" class="link__itemcard-info"><span class="box__itemcard-title-area" id="itemCard_title_2522368370"><span class="text__brand"><span class="text">롯데칠성</span></span><span class="text__title" id="item_title">칠성사이다210캔10</span></span><span class="box__itemcard-price-area"><span class="box__price-seller"><span class="for-a11y">판매가</span><strong class="text__price-seller">5,480</strong><span class="text__unit">원</span></span><span class="box__prime-cost"><span class="for-a11y">원가</span><span class="text__unit-cost">(<!-- -->100mL당 261원<!-- -->)</span></span></span><span class="box__itemcard-info-score"><span class="sprite__smilefresh--before box__score-awards"><span class="for-a11y">평점</span><span class="text text__score">4.8</span><span class="for-a11y">후기</span><span class="text text__num">(1,543)</span><span class="for-a11y">건</span></span><span class="box__score-buycnt"><span class="text text__buy">구매</span><span class="text text__num">5,574</span><span class="for-a11y">건</span></span></span><span class="box__itemcard-benefit-tag"><span class="box__tag box__tag-coupon"><span class="sprite__smilefresh--before box__inner">15% 쿠폰</span></span></span></a><button type="button" class="sprite__smilefresh--after button__favorite-item" aria-describedby="itemCard_title_2522368370" aria-pressed="false" aria-label="관심상품 등록하기"></button></div></div></div></div></li><li class="list-item"><div class="box__itemcard-container"><div class="box__itemcard-body"><div class="box__itemcard-inner"><a class="link__itemcard" href="https://item.gmarket.co.kr/Item?goodscode=2518499685" tabindex="-1" aria-hidden="true"><span class="box__itemcard-img"><img class="image__itemcard no-js-400?ver=1725092695" src="data:image/gif;base64,R0lGODlhAQABAIAAAP///wAAACH5BAEAAAAALAAAAAABAAEAAAICRAEAOw==" alt="롯데 밀키스 1.5L - 상품 이미지"/><noscript><style>.no-js-400?ver=1725092695 { display: none !important; }</style><img class="image__itemcard" src="https://gdimg.gmarket.co.kr/2518499685/still/400?ver=1725092695" alt="롯데 밀키스 1.5L - 상품 이미지"/></noscript></span></a><div class="box__itemcard-info"><div class="box__element-info"><div class="element-info-qty"><button aria-describedby="itemCard_title_2518499685" class="sprite__smilefresh--before element-info-qty-minus" aria-disabled="true"><span class="for-a11y">상품 수 <!-- -->1<!-- --> 감소</span></button><span class="element-info-item-qty" aria-describedby="itemCard_title_2518499685"><span class="for-a11y">선택된 수량</span> <!-- -->1</span><button aria-describedby="itemCard_title_2518499685" class="sprite__smilefresh--before element-info-qty-plus"><span class="for-a11y">상품 수 <!-- -->1<!-- --> 증가</span></button></div><button type="button" class="sprite__smilefresh--before element-info-cart" aria-describedby="itemCard_title_2518499685"><span class="for-a11y">장바구니 담기</span></button></div><a href="https://item.gmarket.co.kr/Item?goodscode=2518499685" class="link__itemcard-info"><span class="box__itemcard-title-area" id="itemCard_title_2518499685"><span class="text__brand"><span class="text">롯데칠성</span></span><span class="text__title" id="item_title">롯데 밀키스 1.5L</span></span><span class="box__itemcard-price-area"><span class="box__price-seller"><span class="for-a11y">판매가</span><strong class="text__price-seller">1,670</strong><span class="text__unit">원</span></span><span class="box__prime-cost"><span class="for-a11y">원가</span><strong class="text__dc-rate">39<!-- -->%</strong><span class="text__prime-cost">2,780<span class="text__unit">원</span></span><span class="text__unit-cost">(<!-- -->100mL당 111원<!-- -->)</span></span></span><span class="box__itemcard-info-score"><span class="sprite__smilefresh--before box__score-awards"><span class="for-a11y">평점</span><span class="text text__score">4.8</span><span class="for-a11y">후기</span><span class="text text__num">(477)</span><span class="for-a11y">건</span></span><span class="box__score-buycnt"><span class="text text__buy">구매</span><span class="text text__num">1,872</span><span class="for-a11y">건</span></span></span><span class="box__itemcard-benefit-tag"><span class="box__tag box__tag-coupon"><span class="sprite__smilefresh--before box__inner">15% 쿠폰</span></span></span></a><button type="button" class="sprite__smilefresh--after button__favorite-item" aria-describedby="itemCard_title_2518499685" aria-pressed="false" aria-label="관심상품 등록하기"></button></div></div></div></div></li><li class="list-item"><div class="box__itemcard-container"><div class="box__itemcard-body"><div class="box__itemcard-inner"><a class="link__itemcard" href="https://item.gmarket.co.kr/Item?goodscode=2519466510" tabindex="-1" aria-hidden="true"><span class="box__itemcard-img"><img class="image__itemcard no-js-400?ver=1725100381" src="data:image/gif;base64,R0lGODlhAQABAIAAAP///wAAACH5BAEAAAAALAAAAAABAAEAAAICRAEAOw==" alt="토레타 900ml - 상품 이미지"/><noscript><style>.no-js-400?ver=1725100381 { display: none !important; }</style><img class="image__itemcard" src="https://gdimg.gmarket.co.kr/2519466510/still/400?ver=1725100381" alt="토레타 900ml - 상품 이미지"/></noscript></span></a><div class="box__itemcard-info"><div class="box__element-info"><div class="element-info-qty"><button aria-describedby="itemCard_title_2519466510" class="sprite__smilefresh--before element-info-qty-minus" aria-disabled="true"><span class="for-a11y">상품 수 <!-- -->1<!-- --> 감소</span></button><span class="element-info-item-qty" aria-describedby="itemCard_title_2519466510"><span class="for-a11y">선택된 수량</span> <!-- -->1</span><button aria-describedby="itemCard_title_2519466510" class="sprite__smilefresh--before element-info-qty-plus"><span class="for-a11y">상품 수 <!-- -->1<!-- --> 증가</span></button></div><button type="button" class="sprite__smilefresh--before element-info-cart" aria-describedby="itemCard_title_2519466510"><span class="for-a11y">장바구니 담기</span></button></div><a href="https://item.gmarket.co.kr/Item?goodscode=2519466510" class="link__itemcard-info"><span class="box__itemcard-title-area" id="itemCard_title_2519466510"><span class="text__brand"><span class="text">토레타</span></span><span class="text__title" id="item_title">토레타 900ml</span></span><span class="box__itemcard-price-area"><span class="box__price-seller"><span class="for-a11y">판매가</span><strong class="text__price-seller">1,040</strong><span class="text__unit">원</span></span><span class="box__prime-cost"><span class="for-a11y">원가</span><span class="text__unit-cost">(<!-- -->100mL당 116원<!-- -->)</span></span></span><span class="box__itemcard-info-score"><span class="sprite__smilefresh--before box__score-awards"><span class="for-a11y">평점</span><span class="text text__score">4.8</span><span class="for-a11y">후기</span><span class="text text__num">(529)</span><span class="for-a11y">건</span></span><span class="box__score-buycnt"><span class="text text__buy">구매</span><span class="text text__num">4,414</span><span class="for-a11y">건</span></span></span><span class="box__itemcard-benefit-tag"><span class="box__tag box__tag-coupon"><span class="sprite__smilefresh--before box__inner">15% 쿠폰</span></span></span></a><button type="button" class="sprite__smilefresh--after button__favorite-item" aria-describedby="itemCard_title_2519466510" aria-pressed="false" aria-label="관심상품 등록하기"></button></div></div></div></div></li><li class="list-item"><div class="box__itemcard-container"><div class="box__itemcard-body"><div class="box__itemcard-inner"><a class="link__itemcard" href="https://item.gmarket.co.kr/Item?goodscode=3119336585" tabindex="-1" aria-hidden="true"><span class="box__itemcard-img"><img class="image__itemcard no-js-400?ver=1725133895" src="data:image/gif;base64,R0lGODlhAQABAIAAAP///wAAACH5BAEAAAAALAAAAAABAAEAAAICRAEAOw==" alt="환타 제로 파인애플 1.5L - 상품 이미지"/><noscript><style>.no-js-400?ver=1725133895 { display: none !important; }</style><img class="image__itemcard" src="https://gdimg.gmarket.co.kr/3119336585/still/400?ver=1725133895" alt="환타 제로 파인애플 1.5L - 상품 이미지"/></noscript></span></a><div class="box__itemcard-info"><div class="box__element-info"><div class="element-info-qty"><button aria-describedby="itemCard_title_3119336585" class="sprite__smilefresh--before element-info-qty-minus" aria-disabled="true"><span class="for-a11y">상품 수 <!-- -->1<!-- --> 감소</span></button><span class="element-info-item-qty" aria-describedby="itemCard_title_3119336585"><span class="for-a11y">선택된 수량</span> <!-- -->1</span><button aria-describedby="itemCard_title_3119336585" class="sprite__smilefresh--before element-info-qty-plus"><span class="for-a11y">상품 수 <!-- -->1<!-- --> 증가</span></button></div><button type="button" class="sprite__smilefresh--before element-info-cart" aria-describedby="itemCard_title_3119336585"><span class="for-a11y">장바구니 담기</span></button></div><a href="https://item.gmarket.co.kr/Item?goodscode=3119336585" class="link__itemcard-info"><span class="box__itemcard-title-area" id="itemCard_title_3119336585"><span class="text__brand"><span class="text">환타 제로</span></span><span class="text__title" id="item_title">환타 제로 파인애플 1.5L</span></span><span class="box__itemcard-price-area"><span class="box__price-seller"><span class="for-a11y">판매가</span><strong class="text__price-seller">1,290</strong><span class="text__unit">원</span></span><span class="box__prime-cost"><span class="for-a11y">원가</span><span class="text__unit-cost">(<!-- -->100mL당 86원<!-- -->)</span></span></span><span class="box__itemcard-info-score"><span class="sprite__smilefresh--before box__score-awards"><span class="for-a11y">평점</span><span class="text text__score">4.8</span><span class="for-a11y">후기</span><span class="text text__num">(1,042)</span><span class="for-a11y">건</span></span><span class="box__score-buycnt"><span class="text text__buy">구매</span><span class="text text__num">7,333</span><span class="for-a11y">건</span></span></span><span class="box__itemcard-benefit-tag"><span class="box__tag box__tag-coupon"><span class="sprite__smilefresh--before box__inner">15% 쿠폰</span></span></span></a><button type="button" class="sprite__smilefresh--after button__favorite-item" aria-describedby="itemCard_title_3119336585" aria-pressed="false" aria-label="관심상품 등록하기"></button></div></div></div></div></li><li class="list-item"><div class="box__itemcard-container"><div class="box__itemcard-body"><div class="box__itemcard-inner"><a class="link__itemcard" href="https://item.gmarket.co.kr/Item?goodscode=3951320970" tabindex="-1" aria-hidden="true"><span class="box__itemcard-img"><img class="image__itemcard no-js-400?ver=1725092716" src="data:image/gif;base64,R0lGODlhAQABAIAAAP///wAAACH5BAEAAAAALAAAAAABAAEAAAICRAEAOw==" alt="파워에이드 마운틴 블라스트 (1.5L) - 상품 이미지"/><noscript><style>.no-js-400?ver=1725092716 { display: none !important; }</style><img class="image__itemcard" src="https://gdimg.gmarket.co.kr/3951320970/still/400?ver=1725092716" alt="파워에이드 마운틴 블라스트 (1.5L) - 상품 이미지"/></noscript></span></a><div class="box__itemcard-info"><div class="box__element-info"><div class="element-info-qty"><button aria-describedby="itemCard_title_3951320970" class="sprite__smilefresh--before element-info-qty-minus" aria-disabled="true"><span class="for-a11y">상품 수 <!-- -->1<!-- --> 감소</span></button><span class="element-info-item-qty" aria-describedby="itemCard_title_3951320970"><span class="for-a11y">선택된 수량</span> <!-- -->1</span><button aria-describedby="itemCard_title_3951320970" class="sprite__smilefresh--before element-info-qty-plus"><span class="for-a11y">상품 수 <!-- -->1<!-- --> 증가</span></button></div><button type="button" class="sprite__smilefresh--before element-info-cart" aria-describedby="itemCard_title_3951320970"><span class="for-a11y">장바구니 담기</span></button></div><a href="https://item.gmarket.co.kr/Item?goodscode=3951320970" class="link__itemcard-info"><span class="box__itemcard-title-area" id="itemCard_title_3951320970"><span class="text__brand"><span class="text">파워에이드</span></span><span class="text__title" id="item_title">파워에이드 마운틴 블라스트 (1.5L)</span></span><span class="box__itemcard-price-area"><span class="box__price-seller"><span class="for-a11y">판매가</span><strong class="text__price-seller">1,880</strong><span class="text__unit">원</span></span><span class="box__prime-cost"><span class="for-a11y">원가</span><span class="text__unit-cost">(<!-- -->100mL당 125원<!-- -->)</span></span></span><span class="box__itemcard-info-score"><span class="sprite__smilefresh--before box__score-awards"><span class="for-a11y">평점</span><span class="text text__score">4.8</span><span class="for-a11y">후기</span><span class="text text__num">(201)</span><span class="for-a11y">건</span></span><span class="box__score-buycnt"><span class="text text__buy">구매</span><span class="text text__num">1,855</span><span class="for-a11y">건</span></span></span><span class="box__itemcard-benefit-tag"><span class="box__tag box__tag-coupon"><span class="sprite__smilefresh--before box__inner">15% 쿠폰</span></span></span></a><button type="button" class="sprite__smilefresh--after button__favorite-item" aria-describedby="itemCard_title_3951320970" aria-pressed="false" aria-label="관심상품 등록하기"></button></div></div></div></div></li><li class="list-item"><div class="box__itemcard-container"><div class="box__itemcard-body"><div class="box__itemcard-inner"><span class="box__thumbnail__label">2개 사면 할인</span><a class="link__itemcard" href="https://item.gmarket.co.kr/Item?goodscode=2523329550" tabindex="-1" aria-hidden="true"><span class="box__itemcard-img"><img class="image__itemcard no-js-400?ver=1725119598" src="data:image/gif;base64,R0lGODlhAQABAIAAAP///wAAACH5BAEAAAAALAAAAAABAAEAAAICRAEAOw==" alt="CJ 한뿌리 인삼대보 병 10입 - 상품 이미지"/><noscript><style>.no-js-400?ver=1725119598 { display: none !important; }</style><img class="image__itemcard" src="https://gdimg.gmarket.co.kr/2523329550/still/400?ver=1725119598" alt="CJ 한뿌리 인삼대보 병 10입 - 상품 이미지"/></noscript></span></a><div class="box__itemcard-info"><div class="box__element-info"><div class="element-info-qty"><button aria-describedby="itemCard_title_2523329550" class="sprite__smilefresh--before element-info-qty-minus" aria-disabled="true"><span class="for-a11y">상품 수 <!-- -->1<!-- --> 감소</span></button><span class="element-info-item-qty" aria-describedby="itemCard_title_2523329550"><span class="for-a11y">선택된 수량</span> <!-- -->1</span><button aria-describedby="itemCard_title_2523329550" class="sprite__smilefresh--before element-info-qty-plus"><span class="for-a11y">상품 수 <!-- -->1<!-- --> 증가</span></button></div><button type="button" class="sprite__smilefresh--before element-info-cart" aria-describedby="itemCard_title_2523329550"><span class="for-a11y">장바구니 담기</span></button></div><a href="https://item.gmarket.co.kr/Item?goodscode=2523329550" class="link__itemcard-info"><span class="box__itemcard-title-area" id="itemCard_title_2523329550"><span class="text__brand"><span class="text">한뿌리</span></span><span class="text__title" id="item_title">CJ 한뿌리 인삼대보 병 10입</span></span><span class="box__itemcard-price-area"><span class="box__price-seller"><span class="for-a11y">판매가</span><strong class="text__price-seller">29,900</strong><span class="text__unit">원</span></span></span><span class="box__itemcard-info-score"><span class="sprite__smilefresh--before box__score-awards"><span class="for-a11y">평점</span><span class="text text__score">4.8</span><span class="for-a11y">후기</span><span class="text text__num">(126)</span><span class="for-a11y">건</span></span><span class="box__score-buycnt"><span class="text text__buy">구매</span><span class="text text__num">423</span><span class="for-a11y">건</span></span></span><span class="box__itemcard-benefit-tag"><span class="box__tag box__tag-coupon"><span class="sprite__smilefresh--before box__inner">15% 쿠폰</span></span></span></a><button type="button" class="sprite__smilefresh--after button__favorite-item" aria-describedby="itemCard_title_2523329550" aria-pressed="false" aria-label="관심상품 등록하기"></button></div></div></div></div></li><li class="list-item"><div class="box__itemcard-container"><div class="box__itemcard-body"><div class="box__itemcard-inner"><a class="link__itemcard" href="https://item.gmarket.co.kr/Item?goodscode=2518761181" tabindex="-1" aria-hidden="true"><span class="box__itemcard-img"><img class="image__itemcard no-js-400?ver=1725092205" src="data:image/gif;base64,R0lGODlhAQABAIAAAP///wAAACH5BAEAAAAALAAAAAABAAEAAAICRAEAOw==" alt="콜드오렌지+포도 1L2 기획 - 상품 이미지"/><noscript><style>.no-js-400?ver=1725092205 { display: none !important; }</style><img class="image__itemcard" src="https://gdimg.gmarket.co.kr/2518761181/still/400?ver=1725092205" alt="콜드오렌지+포도 1L2 기획 - 상품 이미지"/></noscript></span></a><div class="box__itemcard-info"><div class="box__element-info"><div class="element-info-qty"><button aria-describedby="itemCard_title_2518761181" class="sprite__smilefresh--before element-info-qty-minus" aria-disabled="true"><span class="for-a11y">상품 수 <!-- -->1<!-- --> 감소</span></button><span class="element-info-item-qty" aria-describedby="itemCard_title_2518761181"><span class="for-a11y">선택된 수량</span> <!-- -->1</span><button aria-describedby="itemCard_title_2518761181" class="sprite__smilefresh--before element-info-qty-plus"><span class="for-a11y">상품 수 <!-- -->1<!-- --> 증가</span></button></div><button type="button" class="sprite__smilefresh--before element-info-cart" aria-describedby="itemCard_title_2518761181"><span class="for-a11y">장바구니 담기</span></button></div><a href="https://item.gmarket.co.kr/Item?goodscode=2518761181" class="link__itemcard-info"><span class="box__itemcard-title-area" id="itemCard_title_2518761181"><span class="text__title" id="item_title">콜드오렌지+포도 1L2 기획</span></span><span class="box__itemcard-price-area"><span class="box__price-seller"><span class="for-a11y">판매가</span><strong class="text__price-seller">6,780</strong><span class="text__unit">원</span></span></span><span class="box__itemcard-info-score"><span class="sprite__smilefresh--before box__score-awards"><span class="for-a11y">평점</span><span class="text text__score">4.7</span><span class="for-a11y">후기</span><span class="text text__num">(255)</span><span class="for-a11y">건</span></span><span class="box__score-buycnt"><span class="text text__buy">구매</span><span class="text text__num">1,232</span><span class="for-a11y">건</span></span></span><span class="box__itemcard-benefit-tag"><span class="box__tag box__tag-coupon"><span class="sprite__smilefresh--before box__inner">15% 쿠폰</span></span></span></a><button type="button" class="sprite__smilefresh--after button__favorite-item" aria-describedby="itemCard_title_2518761181" aria-pressed="false" aria-label="관심상품 등록하기"></button></div></div></div></div></li><li class="list-item"><div class="box__itemcard-container"><div class="box__itemcard-body"><div class="box__itemcard-inner"><a class="link__itemcard" href="https://item.gmarket.co.kr/Item?goodscode=2578553357" tabindex="-1" aria-hidden="true"><span class="box__itemcard-img"><img class="image__itemcard no-js-400?ver=1725122728" src="data:image/gif;base64,R0lGODlhAQABAIAAAP///wAAACH5BAEAAAAALAAAAAABAAEAAAICRAEAOw==" alt="노브랜드쿨피치930ml - 상품 이미지"/><noscript><style>.no-js-400?ver=1725122728 { display: none !important; }</style><img class="image__itemcard" src="https://gdimg.gmarket.co.kr/2578553357/still/400?ver=1725122728" alt="노브랜드쿨피치930ml - 상품 이미지"/></noscript></span></a><div class="box__itemcard-info"><div class="box__element-info"><div class="element-info-qty"><button aria-describedby="itemCard_title_2578553357" class="sprite__smilefresh--before element-info-qty-minus" aria-disabled="true"><span class="for-a11y">상품 수 <!-- -->1<!-- --> 감소</span></button><span class="element-info-item-qty" aria-describedby="itemCard_title_2578553357"><span class="for-a11y">선택된 수량</span> <!-- -->1</span><button aria-describedby="itemCard_title_2578553357" class="sprite__smilefresh--before element-info-qty-plus"><span class="for-a11y">상품 수 <!-- -->1<!-- --> 증가</span></button></div><button type="button" class="sprite__smilefresh--before element-info-cart" aria-describedby="itemCard_title_2578553357"><span class="for-a11y">장바구니 담기</span></button></div><a href="https://item.gmarket.co.kr/Item?goodscode=2578553357" class="link__itemcard-info"><span class="box__itemcard-title-area" id="itemCard_title_2578553357"><span class="text__title" id="item_title">노브랜드쿨피치930ml</span></span><span class="box__itemcard-price-area"><span class="box__price-seller"><span class="for-a11y">판매가</span><strong class="text__price-seller">980</strong><span class="text__unit">원</span></span></span><span class="box__itemcard-info-score"><span class="sprite__smilefresh--before box__score-awards"><span class="for-a11y">평점</span><span class="text text__score">4.8</span><span class="for-a11y">후기</span><span class="text text__num">(4,701)</span><span class="for-a11y">건</span></span><span class="box__score-buycnt"><span class="text text__buy">구매</span><span class="text text__num">15,208</span><span class="for-a11y">건</span></span></span></a><button type="button" class="sprite__smilefresh--after button__favorite-item" aria-describedby="itemCard_title_2578553357" aria-pressed="false" aria-label="관심상품 등록하기"></button></div></div></div></div></li><li class="list-item"><div class="box__itemcard-container"><div class="box__itemcard-body"><div class="box__itemcard-inner"><a class="link__itemcard" href="https://item.gmarket.co.kr/Item?goodscode=2518844828" tabindex="-1" aria-hidden="true"><span class="box__itemcard-img"><img class="image__itemcard no-js-400?ver=1725115014" src="data:image/gif;base64,R0lGODlhAQABAIAAAP///wAAACH5BAEAAAAALAAAAAABAAEAAAICRAEAOw==" alt="노브랜드포도100% 1.5L - 상품 이미지"/><noscript><style>.no-js-400?ver=1725115014 { display: none !important; }</style><img class="image__itemcard" src="https://gdimg.gmarket.co.kr/2518844828/still/400?ver=1725115014" alt="노브랜드포도100% 1.5L - 상품 이미지"/></noscript></span></a><div class="box__itemcard-info"><div class="box__element-info"><div class="element-info-qty"><button aria-describedby="itemCard_title_2518844828" class="sprite__smilefresh--before element-info-qty-minus" aria-disabled="true"><span class="for-a11y">상품 수 <!-- -->1<!-- --> 감소</span></button><span class="element-info-item-qty" aria-describedby="itemCard_title_2518844828"><span class="for-a11y">선택된 수량</span> <!-- -->1</span><button aria-describedby="itemCard_title_2518844828" class="sprite__smilefresh--before element-info-qty-plus"><span class="for-a11y">상품 수 <!-- -->1<!-- --> 증가</span></button></div><button type="button" class="sprite__smilefresh--before element-info-cart" aria-describedby="itemCard_title_2518844828"><span class="for-a11y">장바구니 담기</span></button></div><a href="https://item.gmarket.co.kr/Item?goodscode=2518844828" class="link__itemcard-info"><span class="box__itemcard-title-area" id="itemCard_title_2518844828"><span class="text__brand"><span class="text">노브랜드</span></span><span class="text__title" id="item_title">노브랜드포도100% 1.5L</span></span><span class="box__itemcard-price-area"><span class="box__price-seller"><span class="for-a11y">판매가</span><strong class="text__price-seller">2,280</strong><span class="text__unit">원</span></span><span class="box__prime-cost"><span class="for-a11y">원가</span><span class="text__unit-cost">(<!-- -->100mL당 152원<!-- -->)</span></span></span><span class="box__itemcard-info-score"><span class="sprite__smilefresh--before box__score-awards"><span class="for-a11y">평점</span><span class="text text__score">4.8</span><span class="for-a11y">후기</span><span class="text text__num">(1,975)</span><span class="for-a11y">건</span></span><span class="box__score-buycnt"><span class="text text__buy">구매</span><span class="text text__num">7,114</span><span class="for-a11y">건</span></span></span></a><button type="button" class="sprite__smilefresh--after button__favorite-item" aria-describedby="itemCard_title_2518844828" aria-pressed="false" aria-label="관심상품 등록하기"></button></div></div></div></div></li><li class="list-item"><div class="box__itemcard-container"><div class="box__itemcard-body"><div class="box__itemcard-inner"><span class="box__thumbnail__label">2개 사면 할인</span><a class="link__itemcard" href="https://item.gmarket.co.kr/Item?goodscode=3780885033" tabindex="-1" aria-hidden="true"><span class="box__itemcard-img"><img class="image__itemcard no-js-400?ver=1725144148" src="data:image/gif;base64,R0lGODlhAQABAIAAAP///wAAACH5BAEAAAAALAAAAAABAAEAAAICRAEAOw==" alt="농심 멘토스 스파클링워터 레몬 355ml - 상품 이미지"/><noscript><style>.no-js-400?ver=1725144148 { display: none !important; }</style><img class="image__itemcard" src="https://gdimg.gmarket.co.kr/3780885033/still/400?ver=1725144148" alt="농심 멘토스 스파클링워터 레몬 355ml - 상품 이미지"/></noscript></span></a><div class="box__itemcard-info"><div class="box__element-info"><div class="element-info-qty"><button aria-describedby="itemCard_title_3780885033" class="sprite__smilefresh--before element-info-qty-minus" aria-disabled="true"><span class="for-a11y">상품 수 <!-- -->1<!-- --> 감소</span></button><span class="element-info-item-qty" aria-describedby="itemCard_title_3780885033"><span class="for-a11y">선택된 수량</span> <!-- -->1</span><button aria-describedby="itemCard_title_3780885033" class="sprite__smilefresh--before element-info-qty-plus"><span class="for-a11y">상품 수 <!-- -->1<!-- --> 증가</span></button></div><button type="button" class="sprite__smilefresh--before element-info-cart" aria-describedby="itemCard_title_3780885033"><span class="for-a11y">장바구니 담기</span></button></div><a href="https://item.gmarket.co.kr/Item?goodscode=3780885033" class="link__itemcard-info"><span class="box__itemcard-title-area" id="itemCard_title_3780885033"><span class="text__brand"><span class="text">멘토스</span></span><span class="text__title" id="item_title">농심 멘토스 스파클링워터 레몬 355ml</span></span><span class="box__itemcard-price-area"><span class="box__price-seller"><span class="for-a11y">판매가</span><strong class="text__price-seller">720</strong><span class="text__unit">원</span></span><span class="box__prime-cost"><span class="for-a11y">원가</span><span class="text__unit-cost">(<!-- -->100mL당 203원<!-- -->)</span></span></span><span class="box__itemcard-info-score"><span class="sprite__smilefresh--before box__score-awards"><span class="for-a11y">평점</span><span class="text text__score">4.6</span><span class="for-a11y">후기</span><span class="text text__num">(139)</span><span class="for-a11y">건</span></span><span class="box__score-buycnt"><span class="text text__buy">구매</span><span class="text text__num">1,505</span><span class="for-a11y">건</span></span></span><span class="box__itemcard-benefit-tag"><span class="box__tag box__tag-coupon"><span class="sprite__smilefresh--before box__inner">15% 쿠폰</span></span></span></a><button type="button" class="sprite__smilefresh--after button__favorite-item" aria-describedby="itemCard_title_3780885033" aria-pressed="false" aria-label="관심상품 등록하기"></button></div></div></div></div></li><li class="list-item"><div class="box__itemcard-container"><div class="box__itemcard-body"><div class="box__itemcard-inner"><a class="link__itemcard" href="https://item.gmarket.co.kr/Item?goodscode=2519429853" tabindex="-1" aria-hidden="true"><span class="box__itemcard-img"><img class="image__itemcard no-js-400?ver=1725121110" src="data:image/gif;base64,R0lGODlhAQABAIAAAP///wAAACH5BAEAAAAALAAAAAABAAEAAAICRAEAOw==" alt="노브랜드 콜라1.5L - 상품 이미지"/><noscript><style>.no-js-400?ver=1725121110 { display: none !important; }</style><img class="image__itemcard" src="https://gdimg.gmarket.co.kr/2519429853/still/400?ver=1725121110" alt="노브랜드 콜라1.5L - 상품 이미지"/></noscript></span></a><div class="box__itemcard-info"><div class="box__element-info"><div class="element-info-qty"><button aria-describedby="itemCard_title_2519429853" class="sprite__smilefresh--before element-info-qty-minus" aria-disabled="true"><span class="for-a11y">상품 수 <!-- -->1<!-- --> 감소</span></button><span class="element-info-item-qty" aria-describedby="itemCard_title_2519429853"><span class="for-a11y">선택된 수량</span> <!-- -->1</span><button aria-describedby="itemCard_title_2519429853" class="sprite__smilefresh--before element-info-qty-plus"><span class="for-a11y">상품 수 <!-- -->1<!-- --> 증가</span></button></div><button type="button" class="sprite__smilefresh--before element-info-cart" aria-describedby="itemCard_title_2519429853"><span class="for-a11y">장바구니 담기</span></button></div><a href="https://item.gmarket.co.kr/Item?goodscode=2519429853" class="link__itemcard-info"><span class="box__itemcard-title-area" id="itemCard_title_2519429853"><span class="text__brand"><span class="text">노브랜드</span></span><span class="text__title" id="item_title">노브랜드 콜라1.5L</span></span><span class="box__itemcard-price-area"><span class="box__price-seller"><span class="for-a11y">판매가</span><strong class="text__price-seller">980</strong><span class="text__unit">원</span></span><span class="box__prime-cost"><span class="for-a11y">원가</span><span class="text__unit-cost">(<!-- -->100mL당 65원<!-- -->)</span></span></span><span class="box__itemcard-info-score"><span class="sprite__smilefresh--before box__score-awards"><span class="for-a11y">평점</span><span class="text text__score">4.7</span><span class="for-a11y">후기</span><span class="text text__num">(5,485)</span><span class="for-a11y">건</span></span><span class="box__score-buycnt"><span class="text text__buy">구매</span><span class="text text__num">33,606</span><span class="for-a11y">건</span></span></span></a><button type="button" class="sprite__smilefresh--after button__favorite-item" aria-describedby="itemCard_title_2519429853" aria-pressed="false" aria-label="관심상품 등록하기"></button></div></div></div></div></li><li class="list-item"><div class="box__itemcard-container"><div class="box__itemcard-body"><div class="box__itemcard-inner"><a class="link__itemcard" href="https://item.gmarket.co.kr/Item?goodscode=2522396440" tabindex="-1" aria-hidden="true"><span class="box__itemcard-img"><img class="image__itemcard no-js-400?ver=1725101433" src="data:image/gif;base64,R0lGODlhAQABAIAAAP///wAAACH5BAEAAAAALAAAAAABAAEAAAICRAEAOw==" alt="노브랜드 착즙오렌지주스 1L - 상품 이미지"/><noscript><style>.no-js-400?ver=1725101433 { display: none !important; }</style><img class="image__itemcard" src="https://gdimg.gmarket.co.kr/2522396440/still/400?ver=1725101433" alt="노브랜드 착즙오렌지주스 1L - 상품 이미지"/></noscript></span></a><div class="box__itemcard-info"><div class="box__element-info"><div class="element-info-qty"><button aria-describedby="itemCard_title_2522396440" class="sprite__smilefresh--before element-info-qty-minus" aria-disabled="true"><span class="for-a11y">상품 수 <!-- -->1<!-- --> 감소</span></button><span class="element-info-item-qty" aria-describedby="itemCard_title_2522396440"><span class="for-a11y">선택된 수량</span> <!-- -->1</span><button aria-describedby="itemCard_title_2522396440" class="sprite__smilefresh--before element-info-qty-plus"><span class="for-a11y">상품 수 <!-- -->1<!-- --> 증가</span></button></div><button type="button" class="sprite__smilefresh--before element-info-cart" aria-describedby="itemCard_title_2522396440"><span class="for-a11y">장바구니 담기</span></button></div><a href="https://item.gmarket.co.kr/Item?goodscode=2522396440" class="link__itemcard-info"><span class="box__itemcard-title-area" id="itemCard_title_2522396440"><span class="text__brand"><span class="text">노브랜드</span></span><span class="text__title" id="item_title">노브랜드 착즙오렌지주스 1L</span></span><span class="box__itemcard-price-area"><span class="box__price-seller"><span class="for-a11y">판매가</span><strong class="text__price-seller">3,280</strong><span class="text__unit">원</span></span><span class="box__prime-cost"><span class="for-a11y">원가</span><span class="text__unit-cost">(<!-- -->100mL당 328원<!-- -->)</span></span></span><span class="box__itemcard-info-score"><span class="sprite__smilefresh--before box__score-awards"><span class="for-a11y">평점</span><span class="text text__score">4.7</span><span class="for-a11y">후기</span><span class="text text__num">(790)</span><span class="for-a11y">건</span></span><span class="box__score-buycnt"><span class="text text__buy">구매</span><span class="text text__num">3,740</span><span class="for-a11y">건</span></span></span></a><button type="button" class="sprite__smilefresh--after button__favorite-item" aria-describedby="itemCard_title_2522396440" aria-pressed="false" aria-label="관심상품 등록하기"></button></div></div></div></div></li><li class="list-item"><div class="box__itemcard-container"><div class="box__itemcard-body"><div class="box__itemcard-inner"><a class="link__itemcard" href="https://item.gmarket.co.kr/Item?goodscode=2522767869" tabindex="-1" aria-hidden="true"><span class="box__itemcard-img"><img class="image__itemcard no-js-400?ver=1725107424" src="data:image/gif;base64,R0lGODlhAQABAIAAAP///wAAACH5BAEAAAAALAAAAAABAAEAAAICRAEAOw==" alt="코카콜라제로 215ml12 - 상품 이미지"/><noscript><style>.no-js-400?ver=1725107424 { display: none !important; }</style><img class="image__itemcard" src="https://gdimg.gmarket.co.kr/2522767869/still/400?ver=1725107424" alt="코카콜라제로 215ml12 - 상품 이미지"/></noscript></span></a><div class="box__itemcard-info"><div class="box__element-info"><div class="element-info-qty"><button aria-describedby="itemCard_title_2522767869" class="sprite__smilefresh--before element-info-qty-minus" aria-disabled="true"><span class="for-a11y">상품 수 <!-- -->1<!-- --> 감소</span></button><span class="element-info-item-qty" aria-describedby="itemCard_title_2522767869"><span class="for-a11y">선택된 수량</span> <!-- -->1</span><button aria-describedby="itemCard_title_2522767869" class="sprite__smilefresh--before element-info-qty-plus"><span class="for-a11y">상품 수 <!-- -->1<!-- --> 증가</span></button></div><button type="button" class="sprite__smilefresh--before element-info-cart" aria-describedby="itemCard_title_2522767869"><span class="for-a11y">장바구니 담기</span></button></div><a href="https://item.gmarket.co.kr/Item?goodscode=2522767869" class="link__itemcard-info"><span class="box__itemcard-title-area" id="itemCard_title_2522767869"><span class="text__brand"><span class="text">코카콜라 제로</span></span><span class="text__title" id="item_title">코카콜라제로 215ml12</span></span><span class="box__itemcard-price-area"><span class="box__price-seller"><span class="for-a11y">판매가</span><strong class="text__price-seller">8,180</strong><span class="text__unit">원</span></span><span class="box__prime-cost"><span class="for-a11y">원가</span><span class="text__unit-cost">(<!-- -->100mL당 317원<!-- -->)</span></span></span><span class="box__itemcard-info-score"><span class="sprite__smilefresh--before box__score-awards"><span class="for-a11y">평점</span><span class="text text__score">4.9</span><span class="for-a11y">후기</span><span class="text text__num">(693)</span><span class="for-a11y">건</span></span><span class="box__score-buycnt"><span class="text text__buy">구매</span><span class="text text__num">3,203</span><span class="for-a11y">건</span></span></span><span class="box__itemcard-benefit-tag"><span class="box__tag box__tag-coupon"><span class="sprite__smilefresh--before box__inner">15% 쿠폰</span></span></span></a><button type="button" class="sprite__smilefresh--after button__favorite-item" aria-describedby="itemCard_title_2522767869" aria-pressed="false" aria-label="관심상품 등록하기"></button></div></div></div></div></li><li class="list-item"><div class="box__itemcard-container"><div class="box__itemcard-body"><div class="box__itemcard-inner"><span class="box__thumbnail__label">2개 사면 할인</span><a class="link__itemcard" href="https://item.gmarket.co.kr/Item?goodscode=2519078874" tabindex="-1" aria-hidden="true"><span class="box__itemcard-img"><img class="image__itemcard no-js-400?ver=1725122914" src="data:image/gif;base64,R0lGODlhAQABAIAAAP///wAAACH5BAEAAAAALAAAAAABAAEAAAICRAEAOw==" alt="웅진_누룽지차 1.5L - 상품 이미지"/><noscript><style>.no-js-400?ver=1725122914 { display: none !important; }</style><img class="image__itemcard" src="https://gdimg.gmarket.co.kr/2519078874/still/400?ver=1725122914" alt="웅진_누룽지차 1.5L - 상품 이미지"/></noscript></span></a><div class="box__itemcard-info"><div class="box__element-info"><div class="element-info-qty"><button aria-describedby="itemCard_title_2519078874" class="sprite__smilefresh--before element-info-qty-minus" aria-disabled="true"><span class="for-a11y">상품 수 <!-- -->1<!-- --> 감소</span></button><span class="element-info-item-qty" aria-describedby="itemCard_title_2519078874"><span class="for-a11y">선택된 수량</span> <!-- -->1</span><button aria-describedby="itemCard_title_2519078874" class="sprite__smilefresh--before element-info-qty-plus"><span class="for-a11y">상품 수 <!-- -->1<!-- --> 증가</span></button></div><button type="button" class="sprite__smilefresh--before element-info-cart" aria-describedby="itemCard_title_2519078874"><span class="for-a11y">장바구니 담기</span></button></div><a href="https://item.gmarket.co.kr/Item?goodscode=2519078874" class="link__itemcard-info"><span class="box__itemcard-title-area" id="itemCard_title_2519078874"><span class="text__brand"><span class="text">웅진</span></span><span class="text__title" id="item_title">웅진_누룽지차 1.5L</span></span><span class="box__itemcard-price-area"><span class="box__price-seller"><span class="for-a11y">판매가</span><strong class="text__price-seller">2,080</strong><span class="text__unit">원</span></span><span class="box__prime-cost"><span class="for-a11y">원가</span><span class="text__unit-cost">(<!-- -->100mL당 139원<!-- -->)</span></span></span><span class="box__itemcard-info-score"><span class="sprite__smilefresh--before box__score-awards"><span class="for-a11y">평점</span><span class="text text__score">4.8</span><span class="for-a11y">후기</span><span class="text text__num">(489)</span><span class="for-a11y">건</span></span><span class="box__score-buycnt"><span class="text text__buy">구매</span><span class="text text__num">6,164</span><span class="for-a11y">건</span></span></span><span class="box__itemcard-benefit-tag"><span class="box__tag box__tag-coupon"><span class="sprite__smilefresh--before box__inner">15% 쿠폰</span></span></span></a><button type="button" class="sprite__smilefresh--after button__favorite-item" aria-describedby="itemCard_title_2519078874" aria-pressed="false" aria-label="관심상품 등록하기"></button></div></div></div></div></li><li class="list-item"><div class="box__itemcard-container"><div class="box__itemcard-body"><div class="box__itemcard-inner"><a class="link__itemcard" href="https://item.gmarket.co.kr/Item?goodscode=2518525751" tabindex="-1" aria-hidden="true"><span class="box__itemcard-img"><img class="image__itemcard no-js-400?ver=1725106889" src="data:image/gif;base64,R0lGODlhAQABAIAAAP///wAAACH5BAEAAAAALAAAAAABAAEAAAICRAEAOw==" alt="노브랜드 Fresh망고음료1.5L - 상품 이미지"/><noscript><style>.no-js-400?ver=1725106889 { display: none !important; }</style><img class="image__itemcard" src="https://gdimg.gmarket.co.kr/2518525751/still/400?ver=1725106889" alt="노브랜드 Fresh망고음료1.5L - 상품 이미지"/></noscript></span></a><div class="box__itemcard-info"><div class="box__element-info"><div class="element-info-qty"><button aria-describedby="itemCard_title_2518525751" class="sprite__smilefresh--before element-info-qty-minus" aria-disabled="true"><span class="for-a11y">상품 수 <!-- -->1<!-- --> 감소</span></button><span class="element-info-item-qty" aria-describedby="itemCard_title_2518525751"><span class="for-a11y">선택된 수량</span> <!-- -->1</span><button aria-describedby="itemCard_title_2518525751" class="sprite__smilefresh--before element-info-qty-plus"><span class="for-a11y">상품 수 <!-- -->1<!-- --> 증가</span></button></div><button type="button" class="sprite__smilefresh--before element-info-cart" aria-describedby="itemCard_title_2518525751"><span class="for-a11y">장바구니 담기</span></button></div><a href="https://item.gmarket.co.kr/Item?goodscode=2518525751" class="link__itemcard-info"><span class="box__itemcard-title-area" id="itemCard_title_2518525751"><span class="text__title" id="item_title">노브랜드 Fresh망고음료1.5L</span></span><span class="box__itemcard-price-area"><span class="box__price-seller"><span class="for-a11y">판매가</span><strong class="text__price-seller">2,080</strong><span class="text__unit">원</span></span></span><span class="box__itemcard-info-score"><span class="sprite__smilefresh--before box__score-awards"><span class="for-a11y">평점</span><span class="text text__score">4.8</span><span class="for-a11y">후기</span><span class="text text__num">(1,724)</span><span class="for-a11y">건</span></span><span class="box__score-buycnt"><span class="text text__buy">구매</span><span class="text text__num">7,271</span><span class="for-a11y">건</span></span></span></a><button type="button" class="sprite__smilefresh--after button__favorite-item" aria-describedby="itemCard_title_2518525751" aria-pressed="false" aria-label="관심상품 등록하기"></button></div></div></div></div></li><li class="list-item"><div class="box__itemcard-container"><div class="box__itemcard-body"><div class="box__itemcard-inner"><a class="link__itemcard" href="https://item.gmarket.co.kr/Item?goodscode=2522388268" tabindex="-1" aria-hidden="true"><span class="box__itemcard-img"><img class="image__itemcard no-js-400?ver=1725101299" src="data:image/gif;base64,R0lGODlhAQABAIAAAP///wAAACH5BAEAAAAALAAAAAABAAEAAAICRAEAOw==" alt="트레비 레몬 300ml20 - 상품 이미지"/><noscript><style>.no-js-400?ver=1725101299 { display: none !important; }</style><img class="image__itemcard" src="https://gdimg.gmarket.co.kr/2522388268/still/400?ver=1725101299" alt="트레비 레몬 300ml20 - 상품 이미지"/></noscript></span></a><div class="box__itemcard-info"><div class="box__element-info"><div class="element-info-qty"><button aria-describedby="itemCard_title_2522388268" class="sprite__smilefresh--before element-info-qty-minus" aria-disabled="true"><span class="for-a11y">상품 수 <!-- -->1<!-- --> 감소</span></button><span class="element-info-item-qty" aria-describedby="itemCard_title_2522388268"><span class="for-a11y">선택된 수량</span> <!-- -->1</span><button aria-describedby="itemCard_title_2522388268" class="sprite__smilefresh--before element-info-qty-plus"><span class="for-a11y">상품 수 <!-- -->1<!-- --> 증가</span></button></div><button type="button" class="sprite__smilefresh--before element-info-cart" aria-describedby="itemCard_title_2522388268"><span class="for-a11y">장바구니 담기</span></button></div><a href="https://item.gmarket.co.kr/Item?goodscode=2522388268" class="link__itemcard-info"><span class="box__itemcard-title-area" id="itemCard_title_2522388268"><span class="text__brand"><span class="text">롯데칠성</span></span><span class="text__title" id="item_title">트레비 레몬 300ml20</span></span><span class="box__itemcard-price-area"><span class="box__price-seller"><span class="for-a11y">판매가</span><strong class="text__price-seller">9,780</strong><span class="text__unit">원</span></span><span class="box__prime-cost"><span class="for-a11y">원가</span><span class="text__unit-cost">(<!-- -->100mL당 163원<!-- -->)</span></span></span><span class="box__itemcard-info-score"><span class="sprite__smilefresh--before box__score-awards"><span class="for-a11y">평점</span><span class="text text__score">4.8</span><span class="for-a11y">후기</span><span class="text text__num">(969)</span><span class="for-a11y">건</span></span><span class="box__score-buycnt"><span class="text text__buy">구매</span><span class="text text__num">3,905</span><span class="for-a11y">건</span></span></span><span class="box__itemcard-benefit-tag"><span class="box__tag box__tag-coupon"><span class="sprite__smilefresh--before box__inner">15% 쿠폰</span></span></span></a><button type="button" class="sprite__smilefresh--after button__favorite-item" aria-describedby="itemCard_title_2522388268" aria-pressed="false" aria-label="관심상품 등록하기"></button></div></div></div></div></li><li class="list-item"><div class="box__itemcard-container"><div class="box__itemcard-body"><div class="box__itemcard-inner"><a class="link__itemcard" href="https://item.gmarket.co.kr/Item?goodscode=2518524723" tabindex="-1" aria-hidden="true"><span class="box__itemcard-img"><img class="image__itemcard no-js-400?ver=1725107434" src="data:image/gif;base64,R0lGODlhAQABAIAAAP///wAAACH5BAEAAAAALAAAAAABAAEAAAICRAEAOw==" alt="노브랜드 Fresh토마토음료 1.5L - 상품 이미지"/><noscript><style>.no-js-400?ver=1725107434 { display: none !important; }</style><img class="image__itemcard" src="https://gdimg.gmarket.co.kr/2518524723/still/400?ver=1725107434" alt="노브랜드 Fresh토마토음료 1.5L - 상품 이미지"/></noscript></span></a><div class="box__itemcard-info"><div class="box__element-info"><div class="element-info-qty"><button aria-describedby="itemCard_title_2518524723" class="sprite__smilefresh--before element-info-qty-minus" aria-disabled="true"><span class="for-a11y">상품 수 <!-- -->1<!-- --> 감소</span></button><span class="element-info-item-qty" aria-describedby="itemCard_title_2518524723"><span class="for-a11y">선택된 수량</span> <!-- -->1</span><button aria-describedby="itemCard_title_2518524723" class="sprite__smilefresh--before element-info-qty-plus"><span class="for-a11y">상품 수 <!-- -->1<!-- --> 증가</span></button></div><button type="button" class="sprite__smilefresh--before element-info-cart" aria-describedby="itemCard_title_2518524723"><span class="for-a11y">장바구니 담기</span></button></div><a href="https://item.gmarket.co.kr/Item?goodscode=2518524723" class="link__itemcard-info"><span class="box__itemcard-title-area" id="itemCard_title_2518524723"><span class="text__brand"><span class="text">노브랜드</span></span><span class="text__title" id="item_title">노브랜드 Fresh토마토음료 1.5L</span></span><span class="box__itemcard-price-area"><span class="box__price-seller"><span class="for-a11y">판매가</span><strong class="text__price-seller">1,880</strong><span class="text__unit">원</span></span><span class="box__prime-cost"><span class="for-a11y">원가</span><span class="text__unit-cost">(<!-- -->100mL당 125원<!-- -->)</span></span></span><span class="box__itemcard-info-score"><span class="sprite__smilefresh--before box__score-awards"><span class="for-a11y">평점</span><span class="text text__score">4.7</span><span class="for-a11y">후기</span><span class="text text__num">(2,946)</span><span class="for-a11y">건</span></span><span class="box__score-buycnt"><span class="text text__buy">구매</span><span class="text text__num">10,714</span><span class="for-a11y">건</span></span></span></a><button type="button" class="sprite__smilefresh--after button__favorite-item" aria-describedby="itemCard_title_2518524723" aria-pressed="false" aria-label="관심상품 등록하기"></button></div></div></div></div></li><li class="list-item"><div class="box__itemcard-container"><div class="box__itemcard-body"><div class="box__itemcard-inner"><span class="box__thumbnail__label">2개 사면 할인</span><a class="link__itemcard" href="https://item.gmarket.co.kr/Item?goodscode=2518405645" tabindex="-1" aria-hidden="true"><span class="box__itemcard-img"><img class="image__itemcard no-js-400?ver=1725237923" src="data:image/gif;base64,R0lGODlhAQABAIAAAP///wAAACH5BAEAAAAALAAAAAABAAEAAAICRAEAOw==" alt="롯데 게토레이 1.5L - 상품 이미지"/><noscript><style>.no-js-400?ver=1725237923 { display: none !important; }</style><img class="image__itemcard" src="https://gdimg.gmarket.co.kr/2518405645/still/400?ver=1725237923" alt="롯데 게토레이 1.5L - 상품 이미지"/></noscript></span></a><div class="box__itemcard-info"><div class="box__element-info"><div class="element-info-qty"><button aria-describedby="itemCard_title_2518405645" class="sprite__smilefresh--before element-info-qty-minus" aria-disabled="true"><span class="for-a11y">상품 수 <!-- -->1<!-- --> 감소</span></button><span class="element-info-item-qty" aria-describedby="itemCard_title_2518405645"><span class="for-a11y">선택된 수량</span> <!-- -->1</span><button aria-describedby="itemCard_title_2518405645" class="sprite__smilefresh--before element-info-qty-plus"><span class="for-a11y">상품 수 <!-- -->1<!-- --> 증가</span></button></div><button type="button" class="sprite__smilefresh--before element-info-cart" aria-describedby="itemCard_title_2518405645"><span class="for-a11y">장바구니 담기</span></button></div><a href="https://item.gmarket.co.kr/Item?goodscode=2518405645" class="link__itemcard-info"><span class="box__itemcard-title-area" id="itemCard_title_2518405645"><span class="text__brand"><span class="text">게토레이</span></span><span class="text__title" id="item_title">롯데 게토레이 1.5L</span></span><span class="box__itemcard-price-area"><span class="box__price-seller"><span class="for-a11y">판매가</span><strong class="text__price-seller">3,680</strong><span class="text__unit">원</span></span><span class="box__prime-cost"><span class="for-a11y">원가</span><span class="text__unit-cost">(<!-- -->100mL당 245원<!-- -->)</span></span></span><span class="box__itemcard-info-score"><span class="sprite__smilefresh--before box__score-awards"><span class="for-a11y">평점</span><span class="text text__score">4.8</span><span class="for-a11y">후기</span><span class="text text__num">(1,086)</span><span class="for-a11y">건</span></span><span class="box__score-buycnt"><span class="text text__buy">구매</span><span class="text text__num">6,327</span><span class="for-a11y">건</span></span></span><span class="box__itemcard-benefit-tag"><span class="box__tag box__tag-coupon"><span class="sprite__smilefresh--before box__inner">15% 쿠폰</span></span></span></a><button type="button" class="sprite__smilefresh--after button__favorite-item" aria-describedby="itemCard_title_2518405645" aria-pressed="false" aria-label="관심상품 등록하기"></button></div></div></div></div></li><li class="list-item"><div class="box__itemcard-container"><div class="box__itemcard-body"><div class="box__itemcard-inner"><span class="box__thumbnail__label">2개 사면 할인</span><a class="link__itemcard" href="https://item.gmarket.co.kr/Item?goodscode=2522741181" tabindex="-1" aria-hidden="true"><span class="box__itemcard-img"><img class="image__itemcard no-js-400?ver=1725107429" src="data:image/gif;base64,R0lGODlhAQABAIAAAP///wAAACH5BAEAAAAALAAAAAABAAEAAAICRAEAOw==" alt="웅진_티즐 제로 피치우롱티500mL - 상품 이미지"/><noscript><style>.no-js-400?ver=1725107429 { display: none !important; }</style><img class="image__itemcard" src="https://gdimg.gmarket.co.kr/2522741181/still/400?ver=1725107429" alt="웅진_티즐 제로 피치우롱티500mL - 상품 이미지"/></noscript></span></a><div class="box__itemcard-info"><div class="box__element-info"><div class="element-info-qty"><button aria-describedby="itemCard_title_2522741181" class="sprite__smilefresh--before element-info-qty-minus" aria-disabled="true"><span class="for-a11y">상품 수 <!-- -->1<!-- --> 감소</span></button><span class="element-info-item-qty" aria-describedby="itemCard_title_2522741181"><span class="for-a11y">선택된 수량</span> <!-- -->1</span><button aria-describedby="itemCard_title_2522741181" class="sprite__smilefresh--before element-info-qty-plus"><span class="for-a11y">상품 수 <!-- -->1<!-- --> 증가</span></button></div><button type="button" class="sprite__smilefresh--before element-info-cart" aria-describedby="itemCard_title_2522741181"><span class="for-a11y">장바구니 담기</span></button></div><a href="https://item.gmarket.co.kr/Item?goodscode=2522741181" class="link__itemcard-info"><span class="box__itemcard-title-area" id="itemCard_title_2522741181"><span class="text__brand"><span class="text">웅진</span></span><span class="text__title" id="item_title">웅진_티즐 제로 피치우롱티500mL</span></span><span class="box__itemcard-price-area"><span class="box__price-seller"><span class="for-a11y">판매가</span><strong class="text__price-seller">1,600</strong><span class="text__unit">원</span></span></span><span class="box__itemcard-info-score"><span class="sprite__smilefresh--before box__score-awards"><span class="for-a11y">평점</span><span class="text text__score">4.7</span><span class="for-a11y">후기</span><span class="text text__num">(1,215)</span><span class="for-a11y">건</span></span><span class="box__score-buycnt"><span class="text text__buy">구매</span><span class="text text__num">10,383</span><span class="for-a11y">건</span></span></span><span class="box__itemcard-benefit-tag"><span class="box__tag box__tag-coupon"><span class="sprite__smilefresh--before box__inner">15% 쿠폰</span></span></span></a><button type="button" class="sprite__smilefresh--after button__favorite-item" aria-describedby="itemCard_title_2522741181" aria-pressed="false" aria-label="관심상품 등록하기"></button></div></div></div></div></li><li class="list-item"><div class="box__itemcard-container"><div class="box__itemcard-body"><div class="box__itemcard-inner"><a class="link__itemcard" href="https://item.gmarket.co.kr/Item?goodscode=2522374838" tabindex="-1" aria-hidden="true"><span class="box__itemcard-img"><img class="image__itemcard no-js-400?ver=1725101424" src="data:image/gif;base64,R0lGODlhAQABAIAAAP///wAAACH5BAEAAAAALAAAAAABAAEAAAICRAEAOw==" alt="코카콜라 300ml12PET - 상품 이미지"/><noscript><style>.no-js-400?ver=1725101424 { display: none !important; }</style><img class="image__itemcard" src="https://gdimg.gmarket.co.kr/2522374838/still/400?ver=1725101424" alt="코카콜라 300ml12PET - 상품 이미지"/></noscript></span></a><div class="box__itemcard-info"><div class="box__element-info"><div class="element-info-qty"><button aria-describedby="itemCard_title_2522374838" class="sprite__smilefresh--before element-info-qty-minus" aria-disabled="true"><span class="for-a11y">상품 수 <!-- -->1<!-- --> 감소</span></button><span class="element-info-item-qty" aria-describedby="itemCard_title_2522374838"><span class="for-a11y">선택된 수량</span> <!-- -->1</span><button aria-describedby="itemCard_title_2522374838" class="sprite__smilefresh--before element-info-qty-plus"><span class="for-a11y">상품 수 <!-- -->1<!-- --> 증가</span></button></div><button type="button" class="sprite__smilefresh--before element-info-cart" aria-describedby="itemCard_title_2522374838"><span class="for-a11y">장바구니 담기</span></button></div><a href="https://item.gmarket.co.kr/Item?goodscode=2522374838" class="link__itemcard-info"><span class="box__itemcard-title-area" id="itemCard_title_2522374838"><span class="text__brand"><span class="text">코카콜라</span></span><span class="text__title" id="item_title">코카콜라 300ml12PET</span></span><span class="box__itemcard-price-area"><span class="box__price-seller"><span class="for-a11y">판매가</span><strong class="text__price-seller">10,980</strong><span class="text__unit">원</span></span><span class="box__prime-cost"><span class="for-a11y">원가</span><span class="text__unit-cost">(<!-- -->100mL당 305원<!-- -->)</span></span></span><span class="box__itemcard-info-score"><span class="sprite__smilefresh--before box__score-awards"><span class="for-a11y">평점</span><span class="text text__score">4.7</span><span class="for-a11y">후기</span><span class="text text__num">(461)</span><span class="for-a11y">건</span></span><span class="box__score-buycnt"><span class="text text__buy">구매</span><span class="text text__num">1,998</span><span class="for-a11y">건</span></span></span><span class="box__itemcard-benefit-tag"><span class="box__tag box__tag-coupon"><span class="sprite__smilefresh--before box__inner">15% 쿠폰</span></span></span></a><button type="button" class="sprite__smilefresh--after button__favorite-item" aria-describedby="itemCard_title_2522374838" aria-pressed="false" aria-label="관심상품 등록하기"></button></div></div></div></div></li><li class="list-item"><div class="box__itemcard-container"><div class="box__itemcard-body"><div class="box__itemcard-inner"><a class="link__itemcard" href="https://item.gmarket.co.kr/Item?goodscode=2523345443" tabindex="-1" aria-hidden="true"><span class="box__itemcard-img"><img class="image__itemcard no-js-400?ver=1725100087" src="data:image/gif;base64,R0lGODlhAQABAIAAAP///wAAACH5BAEAAAAALAAAAAABAAEAAAICRAEAOw==" alt="노브랜드 식혜 음료 238ml12 - 상품 이미지"/><noscript><style>.no-js-400?ver=1725100087 { display: none !important; }</style><img class="image__itemcard" src="https://gdimg.gmarket.co.kr/2523345443/still/400?ver=1725100087" alt="노브랜드 식혜 음료 238ml12 - 상품 이미지"/></noscript></span></a><div class="box__itemcard-info"><div class="box__element-info"><div class="element-info-qty"><button aria-describedby="itemCard_title_2523345443" class="sprite__smilefresh--before element-info-qty-minus" aria-disabled="true"><span class="for-a11y">상품 수 <!-- -->1<!-- --> 감소</span></button><span class="element-info-item-qty" aria-describedby="itemCard_title_2523345443"><span class="for-a11y">선택된 수량</span> <!-- -->1</span><button aria-describedby="itemCard_title_2523345443" class="sprite__smilefresh--before element-info-qty-plus"><span class="for-a11y">상품 수 <!-- -->1<!-- --> 증가</span></button></div><button type="button" class="sprite__smilefresh--before element-info-cart" aria-describedby="itemCard_title_2523345443"><span class="for-a11y">장바구니 담기</span></button></div><a href="https://item.gmarket.co.kr/Item?goodscode=2523345443" class="link__itemcard-info"><span class="box__itemcard-title-area" id="itemCard_title_2523345443"><span class="text__brand"><span class="text">노브랜드</span></span><span class="text__title" id="item_title">노브랜드 식혜 음료 238ml12</span></span><span class="box__itemcard-price-area"><span class="box__price-seller"><span class="for-a11y">판매가</span><strong class="text__price-seller">5,980</strong><span class="text__unit">원</span></span><span class="box__prime-cost"><span class="for-a11y">원가</span><span class="text__unit-cost">(<!-- -->100mL당 209원<!-- -->)</span></span></span><span class="box__itemcard-info-score"><span class="sprite__smilefresh--before box__score-awards"><span class="for-a11y">평점</span><span class="text text__score">4.8</span><span class="for-a11y">후기</span><span class="text text__num">(1,431)</span><span class="for-a11y">건</span></span><span class="box__score-buycnt"><span class="text text__buy">구매</span><span class="text text__num">4,098</span><span class="for-a11y">건</span></span></span></a><button type="button" class="sprite__smilefresh--after button__favorite-item" aria-describedby="itemCard_title_2523345443" aria-pressed="false" aria-label="관심상품 등록하기"></button></div></div></div></div></li><li class="list-item"><div class="box__itemcard-container"><div class="box__itemcard-body"><div class="box__itemcard-inner"><a class="link__itemcard" href="https://item.gmarket.co.kr/Item?goodscode=2542742687" tabindex="-1" aria-hidden="true"><span class="box__itemcard-img"><img class="image__itemcard no-js-400?ver=1725126685" src="data:image/gif;base64,R0lGODlhAQABAIAAAP///wAAACH5BAEAAAAALAAAAAABAAEAAAICRAEAOw==" alt="자연주의 유기농 식혜 1.8L - 상품 이미지"/><noscript><style>.no-js-400?ver=1725126685 { display: none !important; }</style><img class="image__itemcard" src="https://gdimg.gmarket.co.kr/2542742687/still/400?ver=1725126685" alt="자연주의 유기농 식혜 1.8L - 상품 이미지"/></noscript></span></a><div class="box__itemcard-info"><div class="box__element-info"><div class="element-info-qty"><button aria-describedby="itemCard_title_2542742687" class="sprite__smilefresh--before element-info-qty-minus" aria-disabled="true"><span class="for-a11y">상품 수 <!-- -->1<!-- --> 감소</span></button><span class="element-info-item-qty" aria-describedby="itemCard_title_2542742687"><span class="for-a11y">선택된 수량</span> <!-- -->1</span><button aria-describedby="itemCard_title_2542742687" class="sprite__smilefresh--before element-info-qty-plus"><span class="for-a11y">상품 수 <!-- -->1<!-- --> 증가</span></button></div><button type="button" class="sprite__smilefresh--before element-info-cart" aria-describedby="itemCard_title_2542742687"><span class="for-a11y">장바구니 담기</span></button></div><a href="https://item.gmarket.co.kr/Item?goodscode=2542742687" class="link__itemcard-info"><span class="box__itemcard-title-area" id="itemCard_title_2542742687"><span class="text__brand"><span class="text">자연주의</span></span><span class="text__title" id="item_title">자연주의 유기농 식혜 1.8L</span></span><span class="box__itemcard-price-area"><span class="box__price-seller"><span class="for-a11y">판매가</span><strong class="text__price-seller">5,980</strong><span class="text__unit">원</span></span><span class="box__prime-cost"><span class="for-a11y">원가</span><strong class="text__dc-rate">25<!-- -->%</strong><span class="text__prime-cost">7,980<span class="text__unit">원</span></span><span class="text__unit-cost">(<!-- -->100mL당 332원<!-- -->)</span></span></span><span class="box__itemcard-info-score"><span class="sprite__smilefresh--before box__score-awards"><span class="for-a11y">평점</span><span class="text text__score">4.8</span><span class="for-a11y">후기</span><span class="text text__num">(384)</span><span class="for-a11y">건</span></span><span class="box__score-buycnt"><span class="text text__buy">구매</span><span class="text text__num">1,321</span><span class="for-a11y">건</span></span></span><span class="box__itemcard-benefit-tag"><span class="box__tag box__tag-coupon"><span class="sprite__smilefresh--before box__inner">15% 쿠폰</span></span></span></a><button type="button" class="sprite__smilefresh--after button__favorite-item" aria-describedby="itemCard_title_2542742687" aria-pressed="false" aria-label="관심상품 등록하기"></button></div></div></div></div></li></ul></div></div><div class="box__pagination" role="region" aria-label="페이지 이동"><button type="button" class="sprite__smilefresh--before button__previous button__page" disabled=""><span class="icon__arrow"></span><span class="for-a11y">이전 페이지로 이동합니다.</span></button><button class="link__page_number active" aria-current="page">1</button><button type="button" class="link__page_number">2</button><button type="button" class="link__page_number">3</button><button type="button" class="link__page_number">4</button><button type="button" class="link__page_number">5</button><button type="button" class="link__page_number">6</button><button type="button" class="link__page_number">7</button><button type="button" class="link__page_number">8</button><button type="button" class="link__page_number">9</button><button type="button" class="link__page_number">10</button><button type="button" class="sprite__smilefresh--before button__next button__page"><span class="icon__arrow"></span><span class="for-a11y">다음 페이지로 이동합니다.</span></button></div></div></div></div></div></div><div style="min-height:455px"></div><script src="https://script.gmarket.co.kr/mobile/js/common/kr/util/viewability.js"></script><script src="https://script.gmarket.co.kr/js/common/ats_gmkt.js"></script><script src="https://script.gmarket.co.kr/fnp/desktop-layout.js"></script></div><script id="__NEXT_DATA__" type="application/json">{"props":{"pageProps":{"serverData":{"user":{"isSmileClub":false,"hashedCguid":"MuRNNYHW7OuOgugtwPK0Jz7HajIwK5FDq7zFzNnlMPY="},"itemPage":{"error":false,"searchFilter":{"sortOrderby":0,"userAddressInfo":{"address":"로그인을 진행해 주세요","addressExposeType":"LoginRequired","nonDeliveryArea":false},"smileFreshDeliveryGuide":{"deliveryStoreType":"NoneDelivery"},"categories":{"selectedCondition":{"name":"c","value":"100001013","label":"생수/음료/주류","nodeType":"root","depth":0},"selectedConditionType":"root","currentConditions":{"rootNode":[{"name":"c","value":"100001013","label":"생수/음료/주류","nodeType":"root","depth":0}],"node":[{"name":"c","value":"200000071","label":"생수","nodeType":"depth1","depth":1},{"name":"c","value":"200000072","label":"탄산수","nodeType":"depth1","depth":1},{"name":"c","value":"200000073","label":"탄산음료","nodeType":"depth1","depth":1},{"name":"c","value":"200000074","label":"과일/야채음료","nodeType":"depth1","depth":1},{"name":"c","value":"200000075","label":"스포츠/건강음료","nodeType":"depth1","depth":1},{"name":"c","value":"200000076","label":"전통/차/기타음료","nodeType":"depth1","depth":1},{"name":"c","value":"200000078","label":"무알콜맥주/칵테일","nodeType":"depth1","depth":1},{"name":"c","value":"200000079","label":"어린이 음료","nodeType":"depth1","depth":1}]},"backButtonConditions":[]},"sdBrands":[{"name":"b","value":42285,"label":"롯데칠성"},{"name":"b","value":31170,"label":"노브랜드"},{"name":"b","value":32349,"label":"웅진"},{"name":"b","value":24095,"label":"팔도"},{"name":"b","value":29103,"label":"동아오츠카"},{"name":"b","value":37088,"label":"코카콜라"},{"name":"b","value":33400,"label":"광동"},{"name":"b","value":128426,"label":"코카콜라 제로"},{"name":"b","value":50086,"label":"아침에주스"},{"name":"b","value":29049,"label":"농심"},{"name":"b","value":20689,"label":"빙그레"},{"name":"b","value":97740,"label":"몬스터에너지"},{"name":"b","value":28339,"label":"토닉워터"},{"name":"b","value":26015,"label":"피코크"},{"name":"b","value":34539,"label":"일화"},{"name":"b","value":30011,"label":"웰치스"},{"name":"b","value":128416,"label":"스프라이트"},{"name":"b","value":128424,"label":"캐나다드라이"},{"name":"b","value":23605,"label":"게토레이"},{"name":"b","value":128418,"label":"씨그램"},{"name":"b","value":34761,"label":"풀무원"},{"name":"b","value":128428,"label":"토레타"},{"name":"b","value":128430,"label":"파워에이드"},{"name":"b","value":74580,"label":"돈시몬"},{"name":"b","value":128417,"label":"스프라이트 제로"},{"name":"b","value":47213,"label":"제주삼다수"},{"name":"b","value":74968,"label":"미에로화이바"},{"name":"b","value":128443,"label":"썬키스트"},{"name":"b","value":128386,"label":"한뿌리"},{"name":"b","value":128435,"label":"갈배사이다"}],"sortOptions":["Popularity","PriceAsc","PriceDesc","NewItemDesc","ReviewCountDesc","HomeShoppingRank"],"promotionGroups":[],"discountBenefits":[],"isBigSmileFilterAvailable":false,"isFilterDisabled":false,"paymentBenefits":[],"filterPreset":{"keywordInfo":{"name":"keyword","label":"결과 내 재검색","prefixKey":"k","isShow":true,"hasData":true},"categoryInfo":{"name":"category","label":"카테고리","prefixKey":"c","isShow":true,"hasData":true},"brandInfo":{"name":"brand","label":"브랜드","prefixKey":"b","isShow":true,"hasData":true},"priceInfo":{"name":"price","label":"가격대","prefixKey":"p","isShow":true,"hasData":true},"paymentBenefitInfo":{"name":"paymentBenefit","label":"결제ㆍ혜택","prefixKey":"pb","isShow":true,"hasData":false}},"isItemResultEmpty":false},"searchContent":{"sortOrderby":0,"pageNo":1,"pageSize":60,"totalResultCount":623,"banners":[],"bannerCount":0,"itemCount":60,"items":[{"itemNo":"2522759637","itemName":"노브랜드 미네랄워터 2L6","itemUrl":"https://item.gmarket.co.kr/Item?goodscode=2522759637","imageUrl":"//gdimg.gmarket.co.kr/2522759637/still/400?ver=1720672681","sdBrandName":"노브랜드","itemPrice":1980,"buyCount":101711,"reviewPoint":{"starPoint":4.77,"reviewCount":30938},"isBigSmileItem":false,"isSoldOut":false,"cardDiscount":{"discountRate":0},"sellerInfo":{"sellCustNo":"155104283","sellLoginId":"emartmall2","nickname":"이마트몰쓱배송","isLmoOfficialSeller":false,"isFashionSquareSeller":false,"isBrandOfficialSeller":false},"hasOption":false,"isAdult":false,"isCartVisible":true,"discountRate":0,"sellPrice":1980,"tagLabels":[],"buyUnitCount":1,"deliveryCode":"M","rank":1,"lcode":"100000094","mcode":"200001204","scode":"300012400"},{"itemNo":"2519116549","itemName":"제주삼다수 그린 2L 6병","itemUrl":"https://item.gmarket.co.kr/Item?goodscode=2519116549","imageUrl":"//gdimg.gmarket.co.kr/2519116549/still/400?ver=1723616122","sdBrandName":"제주삼다수","itemPrice":6480,"buyCount":59513,"reviewPoint":{"starPoint":4.76,"reviewCount":13059},"isBigSmileItem":false,"isSoldOut":false,"couponDiscount":{"discountType":"R","discountPrice":"0","discountRate":"15"},"cardDiscount":{"discountRate":0},"sellerInfo":{"sellCustNo":"155104283","sellLoginId":"emartmall2","nickname":"이마트몰쓱배송","isLmoOfficialSeller":false,"isFashionSquareSeller":false,"isBrandOfficialSeller":false},"hasOption":false,"isAdult":false,"isCartVisible":true,"discountRate":0,"sellPrice":6480,"tagLabels":[],"buyUnitCount":1,"deliveryCode":"M","unitPrice":{"unit":100,"unitName":"mL","price":54},"rank":2,"lcode":"100000094","mcode":"200001204","scode":"300012400"},{"itemNo":"2518471760","itemName":"코카콜라 1.8L","itemUrl":"https://item.gmarket.co.kr/Item?goodscode=2518471760","imageUrl":"//gdimg.gmarket.co.kr/2518471760/still/400?ver=1725092652","sdBrandName":"코카콜라","itemPrice":2380,"buyCount":57707,"reviewPoint":{"starPoint":4.8,"reviewCount":6472},"isBigSmileItem":false,"isSoldOut":false,"couponDiscount":{"discountType":"R","discountPrice":"0","discountRate":"15"},"cardDiscount":{"discountRate":0},"sellerInfo":{"sellCustNo":"155104283","sellLoginId":"emartmall2","nickname":"이마트몰쓱배송","isLmoOfficialSeller":false,"isFashionSquareSeller":false,"isBrandOfficialSeller":false},"hasOption":false,"isAdult":false,"isCartVisible":true,"discountRate":0,"sellPrice":2380,"tagLabels":[],"buyUnitCount":1,"deliveryCode":"M","unitPrice":{"unit":100,"unitName":"mL","price":132},"rank":3,"lcode":"100000094","mcode":"200000753","scode":"300024678"},{"itemNo":"2522760386","itemName":"노브랜드 미네랄워터 500ml20","itemUrl":"https://item.gmarket.co.kr/Item?goodscode=2522760386","imageUrl":"//gdimg.gmarket.co.kr/2522760386/still/400?ver=1720672675","sdBrandName":"노브랜드","itemPrice":3800,"buyCount":22498,"reviewPoint":{"starPoint":4.76,"reviewCount":7469},"isBigSmileItem":false,"isSoldOut":false,"cardDiscount":{"discountRate":0},"sellerInfo":{"sellCustNo":"155104283","sellLoginId":"emartmall2","nickname":"이마트몰쓱배송","isLmoOfficialSeller":false,"isFashionSquareSeller":false,"isBrandOfficialSeller":false},"hasOption":false,"isAdult":false,"isCartVisible":true,"discountRate":0,"sellPrice":3800,"tagLabels":[],"buyUnitCount":1,"deliveryCode":"M","rank":4,"lcode":"100000094","mcode":"200001204","scode":"300012400"},{"itemNo":"2615197776","itemName":"델몬트 마음담은기쁨드림선물세트180ml12입","itemUrl":"https://item.gmarket.co.kr/Item?goodscode=2615197776","imageUrl":"//gdimg.gmarket.co.kr/2615197776/still/400?ver=1725092458","itemPrice":13880,"buyCount":2427,"reviewPoint":{"starPoint":4.74,"reviewCount":633},"isBigSmileItem":false,"isSoldOut":false,"couponDiscount":{"discountType":"R","discountPrice":"0","discountRate":"15"},"cardDiscount":{"discountRate":0},"sellerInfo":{"sellCustNo":"155104283","sellLoginId":"emartmall2","nickname":"이마트몰쓱배송","isLmoOfficialSeller":false,"isFashionSquareSeller":false,"isBrandOfficialSeller":false},"hasOption":false,"isAdult":false,"isCartVisible":true,"discountRate":0,"sellPrice":13880,"tagLabels":[{"code":58,"text":"2개 사면 할인","bgColor":"#19C919"},{"code":68,"text":"전단상품","bgColor":"#19C919"}],"buyUnitCount":1,"deliveryCode":"M","rank":5,"lcode":"100000094","mcode":"200000563","scode":"300005673"},{"itemNo":"2618470667","itemName":"아이시스8.0ECO 2L6입","itemUrl":"https://item.gmarket.co.kr/Item?goodscode=2618470667","imageUrl":"//gdimg.gmarket.co.kr/2618470667/still/400?ver=1725043522","itemPrice":4040,"buyCount":5248,"reviewPoint":{"starPoint":4.72,"reviewCount":1304},"isBigSmileItem":false,"isSoldOut":false,"couponDiscount":{"discountType":"R","discountPrice":"0","discountRate":"15"},"cardDiscount":{"discountRate":0},"sellerInfo":{"sellCustNo":"155104283","sellLoginId":"emartmall2","nickname":"이마트몰쓱배송","isLmoOfficialSeller":false,"isFashionSquareSeller":false,"isBrandOfficialSeller":false},"hasOption":false,"isAdult":false,"isCartVisible":true,"discountRate":29,"sellPrice":5760,"tagLabels":[],"buyUnitCount":1,"deliveryCode":"M","rank":6,"lcode":"100000094","mcode":"200001204","scode":"300012400"},{"itemNo":"2519438064","itemName":"웅진_하늘보리 1.35L","itemUrl":"https://item.gmarket.co.kr/Item?goodscode=2519438064","imageUrl":"//gdimg.gmarket.co.kr/2519438064/still/400?ver=1725121828","sdBrandName":"웅진","itemPrice":2080,"buyCount":9203,"reviewPoint":{"starPoint":4.81,"reviewCount":838},"isBigSmileItem":false,"isSoldOut":false,"couponDiscount":{"discountType":"R","discountPrice":"0","discountRate":"15"},"cardDiscount":{"discountRate":0},"sellerInfo":{"sellCustNo":"155104283","sellLoginId":"emartmall2","nickname":"이마트몰쓱배송","isLmoOfficialSeller":false,"isFashionSquareSeller":false,"isBrandOfficialSeller":false},"hasOption":false,"isAdult":false,"isCartVisible":true,"discountRate":0,"sellPrice":2080,"tagLabels":[{"code":58,"text":"2개 사면 할인","bgColor":"#19C919"}],"buyUnitCount":1,"deliveryCode":"M","unitPrice":{"unit":100,"unitName":"mL","price":154},"rank":7,"lcode":"100000094","mcode":"200002375","scode":"300012402"},{"itemNo":"2518949521","itemName":"피코크 트루워터 2L X 6(무라벨 생수)","itemUrl":"https://item.gmarket.co.kr/Item?goodscode=2518949521","imageUrl":"//gdimg.gmarket.co.kr/2518949521/still/400?ver=1720674583","sdBrandName":"피코크","itemPrice":2880,"buyCount":25769,"reviewPoint":{"starPoint":4.75,"reviewCount":5081},"isBigSmileItem":false,"isSoldOut":false,"couponDiscount":{"discountType":"R","discountPrice":"0","discountRate":"15"},"cardDiscount":{"discountRate":0},"sellerInfo":{"sellCustNo":"155104283","sellLoginId":"emartmall2","nickname":"이마트몰쓱배송","isLmoOfficialSeller":false,"isFashionSquareSeller":false,"isBrandOfficialSeller":false},"hasOption":false,"isAdult":false,"isCartVisible":true,"discountRate":0,"sellPrice":2880,"tagLabels":[],"buyUnitCount":1,"deliveryCode":"M","rank":8,"lcode":"100000094","mcode":"200001204","scode":"300012400"},{"itemNo":"2518949602","itemName":"피코크 트루워터 330ml X 20(무라벨 생수)","itemUrl":"https://item.gmarket.co.kr/Item?goodscode=2518949602","imageUrl":"//gdimg.gmarket.co.kr/2518949602/still/400?ver=1720674561","itemPrice":3980,"buyCount":11791,"reviewPoint":{"starPoint":4.75,"reviewCount":3443},"isBigSmileItem":false,"isSoldOut":false,"couponDiscount":{"discountType":"R","discountPrice":"0","discountRate":"15"},"cardDiscount":{"discountRate":0},"sellerInfo":{"sellCustNo":"155104283","sellLoginId":"emartmall2","nickname":"이마트몰쓱배송","isLmoOfficialSeller":false,"isFashionSquareSeller":false,"isBrandOfficialSeller":false},"hasOption":false,"isAdult":false,"isCartVisible":true,"discountRate":0,"sellPrice":3980,"tagLabels":[],"buyUnitCount":1,"deliveryCode":"M","rank":9,"lcode":"100000094","mcode":"200001204","scode":"300012400"},{"itemNo":"2537464095","itemName":"광동 옥수수 수염차 (1.5L)","itemUrl":"https://item.gmarket.co.kr/Item?goodscode=2537464095","imageUrl":"//gdimg.gmarket.co.kr/2537464095/still/400?ver=1725088242","sdBrandName":"광동","itemPrice":2380,"buyCount":16394,"reviewPoint":{"starPoint":4.79,"reviewCount":1650},"isBigSmileItem":false,"isSoldOut":false,"couponDiscount":{"discountType":"R","discountPrice":"0","discountRate":"15"},"cardDiscount":{"discountRate":0},"sellerInfo":{"sellCustNo":"155104283","sellLoginId":"emartmall2","nickname":"이마트몰쓱배송","isLmoOfficialSeller":false,"isFashionSquareSeller":false,"isBrandOfficialSeller":false},"hasOption":false,"isAdult":false,"isCartVisible":true,"discountRate":0,"sellPrice":2380,"tagLabels":[{"code":58,"text":"2개 사면 할인","bgColor":"#19C919"}],"buyUnitCount":1,"deliveryCode":"M","unitPrice":{"unit":100,"unitName":"mL","price":159},"rank":10,"lcode":"100000094","mcode":"200002375","scode":"300012402"},{"itemNo":"2518525285","itemName":"노브랜드 Fresh제주감귤음료1.5L","itemUrl":"https://item.gmarket.co.kr/Item?goodscode=2518525285","imageUrl":"//gdimg.gmarket.co.kr/2518525285/still/400?ver=1725107068","sdBrandName":"노브랜드","itemPrice":1880,"buyCount":15444,"reviewPoint":{"starPoint":4.75,"reviewCount":3297},"isBigSmileItem":false,"isSoldOut":false,"cardDiscount":{"discountRate":0},"sellerInfo":{"sellCustNo":"155104283","sellLoginId":"emartmall2","nickname":"이마트몰쓱배송","isLmoOfficialSeller":false,"isFashionSquareSeller":false,"isBrandOfficialSeller":false},"hasOption":false,"isAdult":false,"isCartVisible":true,"discountRate":0,"sellPrice":1880,"tagLabels":[],"buyUnitCount":1,"deliveryCode":"M","unitPrice":{"unit":100,"unitName":"mL","price":125},"rank":11,"lcode":"100000094","mcode":"200000563","scode":"300005673"},{"itemNo":"2558924713","itemName":"롯데 잔치집식혜 1.5L 펫","itemUrl":"https://item.gmarket.co.kr/Item?goodscode=2558924713","imageUrl":"//gdimg.gmarket.co.kr/2558924713/still/400?ver=1725520377","sdBrandName":"롯데칠성","itemPrice":3280,"buyCount":1319,"reviewPoint":{"starPoint":4.82,"reviewCount":181},"isBigSmileItem":false,"isSoldOut":false,"couponDiscount":{"discountType":"R","discountPrice":"0","discountRate":"15"},"cardDiscount":{"discountRate":0},"sellerInfo":{"sellCustNo":"155104283","sellLoginId":"emartmall2","nickname":"이마트몰쓱배송","isLmoOfficialSeller":false,"isFashionSquareSeller":false,"isBrandOfficialSeller":false},"hasOption":false,"isAdult":false,"isCartVisible":true,"discountRate":0,"sellPrice":3280,"tagLabels":[{"code":58,"text":"2개 사면 할인","bgColor":"#19C919"}],"buyUnitCount":1,"deliveryCode":"M","unitPrice":{"unit":100,"unitName":"mL","price":219},"rank":12,"lcode":"100000094","mcode":"200002375","scode":"300012402"},{"itemNo":"2517911574","itemName":"펩시 제로슈거 라임향 무라벨 300ml12","itemUrl":"https://item.gmarket.co.kr/Item?goodscode=2517911574","imageUrl":"//gdimg.gmarket.co.kr/2517911574/still/400?ver=1725119199","sdBrandName":"롯데칠성","itemPrice":7970,"buyCount":2501,"reviewPoint":{"starPoint":4.82,"reviewCount":473},"isBigSmileItem":false,"isSoldOut":false,"couponDiscount":{"discountType":"R","discountPrice":"0","discountRate":"15"},"cardDiscount":{"discountRate":0},"sellerInfo":{"sellCustNo":"155104283","sellLoginId":"emartmall2","nickname":"이마트몰쓱배송","isLmoOfficialSeller":false,"isFashionSquareSeller":false,"isBrandOfficialSeller":false},"hasOption":false,"isAdult":false,"isCartVisible":true,"discountRate":29,"sellPrice":11380,"tagLabels":[],"buyUnitCount":1,"deliveryCode":"M","unitPrice":{"unit":100,"unitName":"mL","price":221},"rank":13,"lcode":"100000094","mcode":"200000753","scode":"300024678"},{"itemNo":"2522850025","itemName":"오션스프레이 루비레드 자몽주스 1.89L","itemUrl":"https://item.gmarket.co.kr/Item?goodscode=2522850025","imageUrl":"//gdimg.gmarket.co.kr/2522850025/still/400?ver=1725116391","itemPrice":3880,"buyCount":4151,"reviewPoint":{"starPoint":4.76,"reviewCount":966},"isBigSmileItem":false,"isSoldOut":false,"couponDiscount":{"discountType":"R","discountPrice":"0","discountRate":"15"},"cardDiscount":{"discountRate":0},"sellerInfo":{"sellCustNo":"155104283","sellLoginId":"emartmall2","nickname":"이마트몰쓱배송","isLmoOfficialSeller":false,"isFashionSquareSeller":false,"isBrandOfficialSeller":false},"hasOption":false,"isAdult":false,"isCartVisible":true,"discountRate":43,"sellPrice":6880,"tagLabels":[],"buyUnitCount":1,"deliveryCode":"M","rank":14,"lcode":"100000094","mcode":"200000563","scode":"300005673"},{"itemNo":"2561846511","itemName":"광동 힘찬하루 헛개차 1.5L (1개)","itemUrl":"https://item.gmarket.co.kr/Item?goodscode=2561846511","imageUrl":"//gdimg.gmarket.co.kr/2561846511/still/400?ver=1725090969","sdBrandName":"광동","itemPrice":2380,"buyCount":10000,"reviewPoint":{"starPoint":4.73,"reviewCount":1058},"isBigSmileItem":false,"isSoldOut":false,"couponDiscount":{"discountType":"R","discountPrice":"0","discountRate":"15"},"cardDiscount":{"discountRate":0},"sellerInfo":{"sellCustNo":"155104283","sellLoginId":"emartmall2","nickname":"이마트몰쓱배송","isLmoOfficialSeller":false,"isFashionSquareSeller":false,"isBrandOfficialSeller":false},"hasOption":false,"isAdult":false,"isCartVisible":true,"discountRate":0,"sellPrice":2380,"tagLabels":[{"code":58,"text":"2개 사면 할인","bgColor":"#19C919"}],"buyUnitCount":1,"deliveryCode":"M","unitPrice":{"unit":100,"unitName":"mL","price":159},"rank":15,"lcode":"100000094","mcode":"200002375","scode":"300012402"},{"itemNo":"2519039956","itemName":"코카콜라 1.8L 2입 기획","itemUrl":"https://item.gmarket.co.kr/Item?goodscode=2519039956","imageUrl":"//gdimg.gmarket.co.kr/2519039956/still/400?ver=1725099665","sdBrandName":"코카콜라","itemPrice":4760,"buyCount":17110,"reviewPoint":{"starPoint":4.83,"reviewCount":2736},"isBigSmileItem":false,"isSoldOut":false,"couponDiscount":{"discountType":"R","discountPrice":"0","discountRate":"15"},"cardDiscount":{"discountRate":0},"sellerInfo":{"sellCustNo":"155104283","sellLoginId":"emartmall2","nickname":"이마트몰쓱배송","isLmoOfficialSeller":false,"isFashionSquareSeller":false,"isBrandOfficialSeller":false},"hasOption":false,"isAdult":false,"isCartVisible":true,"discountRate":0,"sellPrice":4760,"tagLabels":[],"buyUnitCount":1,"deliveryCode":"M","unitPrice":{"unit":100,"unitName":"mL","price":132},"rank":16,"lcode":"100000094","mcode":"200000753","scode":"300024678"},{"itemNo":"2522498818","itemName":"코카콜라 215ml 12입","itemUrl":"https://item.gmarket.co.kr/Item?goodscode=2522498818","imageUrl":"//gdimg.gmarket.co.kr/2522498818/still/400?ver=1725101786","sdBrandName":"코카콜라","itemPrice":8180,"buyCount":7866,"reviewPoint":{"starPoint":4.8,"reviewCount":1830},"isBigSmileItem":false,"isSoldOut":false,"couponDiscount":{"discountType":"R","discountPrice":"0","discountRate":"15"},"cardDiscount":{"discountRate":0},"sellerInfo":{"sellCustNo":"155104283","sellLoginId":"emartmall2","nickname":"이마트몰쓱배송","isLmoOfficialSeller":false,"isFashionSquareSeller":false,"isBrandOfficialSeller":false},"hasOption":false,"isAdult":false,"isCartVisible":true,"discountRate":0,"sellPrice":8180,"tagLabels":[],"buyUnitCount":1,"deliveryCode":"M","unitPrice":{"unit":100,"unitName":"mL","price":317},"rank":17,"lcode":"100000094","mcode":"200000753","scode":"300024678"},{"itemNo":"2523389779","itemName":"영진구론산 스파클링 오리지날액 1500ml(150ml10)","itemUrl":"https://item.gmarket.co.kr/Item?goodscode=2523389779","imageUrl":"//gdimg.gmarket.co.kr/2523389779/still/400?ver=1725100211","sdBrandName":"구론산 스파클링","itemPrice":12780,"buyCount":1361,"reviewPoint":{"starPoint":4.78,"reviewCount":338},"isBigSmileItem":false,"isSoldOut":false,"couponDiscount":{"discountType":"R","discountPrice":"0","discountRate":"15"},"cardDiscount":{"discountRate":0},"sellerInfo":{"sellCustNo":"155104283","sellLoginId":"emartmall2","nickname":"이마트몰쓱배송","isLmoOfficialSeller":false,"isFashionSquareSeller":false,"isBrandOfficialSeller":false},"hasOption":false,"isAdult":false,"isCartVisible":true,"discountRate":0,"sellPrice":12780,"tagLabels":[{"code":58,"text":"2개 사면 할인","bgColor":"#19C919"}],"buyUnitCount":1,"deliveryCode":"M","unitPrice":{"unit":100,"unitName":"mL","price":852},"rank":18,"lcode":"100000094","mcode":"200001205","scode":"300029197"},{"itemNo":"2522788168","itemName":"코카콜라제로 1.5LX2","itemUrl":"https://item.gmarket.co.kr/Item?goodscode=2522788168","imageUrl":"//gdimg.gmarket.co.kr/2522788168/still/400?ver=1725104742","sdBrandName":"코카콜라 제로","itemPrice":4280,"buyCount":30770,"reviewPoint":{"starPoint":4.78,"reviewCount":3368},"isBigSmileItem":false,"isSoldOut":false,"couponDiscount":{"discountType":"R","discountPrice":"0","discountRate":"15"},"cardDiscount":{"discountRate":0},"sellerInfo":{"sellCustNo":"155104283","sellLoginId":"emartmall2","nickname":"이마트몰쓱배송","isLmoOfficialSeller":false,"isFashionSquareSeller":false,"isBrandOfficialSeller":false},"hasOption":false,"isAdult":false,"isCartVisible":true,"discountRate":0,"sellPrice":4280,"tagLabels":[],"buyUnitCount":1,"deliveryCode":"M","unitPrice":{"unit":100,"unitName":"mL","price":143},"rank":19,"lcode":"100000094","mcode":"200000753","scode":"300024678"},{"itemNo":"3052881967","itemName":"셀렉스프로틴 음료 로우슈거 125ml  12입","itemUrl":"https://item.gmarket.co.kr/Item?goodscode=3052881967","imageUrl":"//gdimg.gmarket.co.kr/3052881967/still/400?ver=1725132801","sdBrandName":"셀렉스","itemPrice":19800,"buyCount":416,"reviewPoint":{"starPoint":4.72,"reviewCount":87},"isBigSmileItem":false,"isSoldOut":false,"couponDiscount":{"discountType":"R","discountPrice":"0","discountRate":"15"},"cardDiscount":{"discountRate":0},"sellerInfo":{"sellCustNo":"155104283","sellLoginId":"emartmall2","nickname":"이마트몰쓱배송","isLmoOfficialSeller":false,"isFashionSquareSeller":false,"isBrandOfficialSeller":false},"hasOption":false,"isAdult":false,"isCartVisible":true,"discountRate":0,"sellPrice":19800,"tagLabels":[{"code":58,"text":"2개 사면 할인","bgColor":"#19C919"}],"buyUnitCount":1,"deliveryCode":"M","rank":20,"lcode":"100000068","mcode":"200001197","scode":"300012534"},{"itemNo":"2522811514","itemName":"스프라이트 1L","itemUrl":"https://item.gmarket.co.kr/Item?goodscode=2522811514","imageUrl":"//gdimg.gmarket.co.kr/2522811514/still/400?ver=1725105266","sdBrandName":"스프라이트","itemPrice":2380,"buyCount":17889,"reviewPoint":{"starPoint":4.78,"reviewCount":2707},"isBigSmileItem":false,"isSoldOut":false,"couponDiscount":{"discountType":"R","discountPrice":"0","discountRate":"15"},"cardDiscount":{"discountRate":0},"sellerInfo":{"sellCustNo":"155104283","sellLoginId":"emartmall2","nickname":"이마트몰쓱배송","isLmoOfficialSeller":false,"isFashionSquareSeller":false,"isBrandOfficialSeller":false},"hasOption":false,"isAdult":false,"isCartVisible":true,"discountRate":0,"sellPrice":2380,"tagLabels":[{"code":58,"text":"2개 사면 할인","bgColor":"#19C919"}],"buyUnitCount":1,"deliveryCode":"M","unitPrice":{"unit":100,"unitName":"mL","price":238},"rank":21,"lcode":"100000094","mcode":"200000753","scode":"300024678"},{"itemNo":"3767806040","itemName":"델몬트 마음담은 행복드림 180ml12병","itemUrl":"https://item.gmarket.co.kr/Item?goodscode=3767806040","imageUrl":"//gdimg.gmarket.co.kr/3767806040/still/400?ver=1725142351","itemPrice":13880,"buyCount":204,"reviewPoint":{"starPoint":4.74,"reviewCount":26},"isBigSmileItem":false,"isSoldOut":false,"couponDiscount":{"discountType":"R","discountPrice":"0","discountRate":"15"},"cardDiscount":{"discountRate":0},"sellerInfo":{"sellCustNo":"155104283","sellLoginId":"emartmall2","nickname":"이마트몰쓱배송","isLmoOfficialSeller":false,"isFashionSquareSeller":false,"isBrandOfficialSeller":false},"hasOption":false,"isAdult":false,"isCartVisible":true,"discountRate":0,"sellPrice":13880,"tagLabels":[{"code":58,"text":"2개 사면 할인","bgColor":"#19C919"},{"code":68,"text":"전단상품","bgColor":"#19C919"}],"buyUnitCount":1,"deliveryCode":"M","rank":22,"lcode":"100000094","mcode":"200000563","scode":"300005673"},{"itemNo":"2518062808","itemName":"펩시 제로슈거 라임향 210ml10","itemUrl":"https://item.gmarket.co.kr/Item?goodscode=2518062808","imageUrl":"//gdimg.gmarket.co.kr/2518062808/still/400?ver=1725114092","sdBrandName":"롯데칠성","itemPrice":5480,"buyCount":31530,"reviewPoint":{"starPoint":4.87,"reviewCount":2240},"isBigSmileItem":false,"isSoldOut":false,"couponDiscount":{"discountType":"R","discountPrice":"0","discountRate":"15"},"cardDiscount":{"discountRate":0},"sellerInfo":{"sellCustNo":"155104283","sellLoginId":"emartmall2","nickname":"이마트몰쓱배송","isLmoOfficialSeller":false,"isFashionSquareSeller":false,"isBrandOfficialSeller":false},"hasOption":false,"isAdult":false,"isCartVisible":true,"discountRate":0,"sellPrice":5480,"tagLabels":[],"buyUnitCount":1,"deliveryCode":"M","unitPrice":{"unit":100,"unitName":"mL","price":261},"rank":23,"lcode":"100000094","mcode":"200000753","scode":"300024678"},{"itemNo":"2519505184","itemName":"코코팜 피치핑크 복숭아 1L","itemUrl":"https://item.gmarket.co.kr/Item?goodscode=2519505184","imageUrl":"//gdimg.gmarket.co.kr/2519505184/still/400?ver=1725100403","itemPrice":980,"buyCount":10796,"reviewPoint":{"starPoint":4.78,"reviewCount":1898},"isBigSmileItem":false,"isSoldOut":false,"couponDiscount":{"discountType":"R","discountPrice":"0","discountRate":"15"},"cardDiscount":{"discountRate":0},"sellerInfo":{"sellCustNo":"155104283","sellLoginId":"emartmall2","nickname":"이마트몰쓱배송","isLmoOfficialSeller":false,"isFashionSquareSeller":false,"isBrandOfficialSeller":false},"hasOption":false,"isAdult":false,"isCartVisible":true,"discountRate":55,"sellPrice":2180,"tagLabels":[],"buyUnitCount":1,"deliveryCode":"M","rank":24,"lcode":"100000094","mcode":"200000563","scode":"300005673"},{"itemNo":"3944183837","itemName":"초록매실 제로 1.35L","itemUrl":"https://item.gmarket.co.kr/Item?goodscode=3944183837","imageUrl":"//gdimg.gmarket.co.kr/3944183837/still/400?ver=1725143791","itemPrice":1780,"buyCount":1364,"reviewPoint":{"starPoint":4.72,"reviewCount":161},"isBigSmileItem":false,"isSoldOut":false,"couponDiscount":{"discountType":"R","discountPrice":"0","discountRate":"15"},"cardDiscount":{"discountRate":0},"sellerInfo":{"sellCustNo":"155104283","sellLoginId":"emartmall2","nickname":"이마트몰쓱배송","isLmoOfficialSeller":false,"isFashionSquareSeller":false,"isBrandOfficialSeller":false},"hasOption":false,"isAdult":false,"isCartVisible":true,"discountRate":0,"sellPrice":1780,"tagLabels":[],"buyUnitCount":1,"deliveryCode":"M","rank":25,"lcode":"100000094","mcode":"200000563","scode":"300005673"},{"itemNo":"2519126283","itemName":"펩시 제로슈거 라임향 1.5L","itemUrl":"https://item.gmarket.co.kr/Item?goodscode=2519126283","imageUrl":"//gdimg.gmarket.co.kr/2519126283/still/400?ver=1725119202","sdBrandName":"롯데칠성","itemPrice":1670,"buyCount":5897,"reviewPoint":{"starPoint":4.79,"reviewCount":584},"isBigSmileItem":false,"isSoldOut":false,"couponDiscount":{"discountType":"R","discountPrice":"0","discountRate":"15"},"cardDiscount":{"discountRate":0},"sellerInfo":{"sellCustNo":"155104283","sellLoginId":"emartmall2","nickname":"이마트몰쓱배송","isLmoOfficialSeller":false,"isFashionSquareSeller":false,"isBrandOfficialSeller":false},"hasOption":false,"isAdult":false,"isCartVisible":true,"discountRate":39,"sellPrice":2780,"tagLabels":[],"buyUnitCount":1,"deliveryCode":"M","unitPrice":{"unit":100,"unitName":"mL","price":111},"rank":26,"lcode":"100000094","mcode":"200000753","scode":"300024678"},{"itemNo":"2522411453","itemName":"갈배사이다 1.5L","itemUrl":"https://item.gmarket.co.kr/Item?goodscode=2522411453","imageUrl":"//gdimg.gmarket.co.kr/2522411453/still/400?ver=1725101581","sdBrandName":"갈배사이다","itemPrice":3280,"buyCount":7480,"reviewPoint":{"starPoint":4.78,"reviewCount":1477},"isBigSmileItem":false,"isSoldOut":false,"couponDiscount":{"discountType":"R","discountPrice":"0","discountRate":"15"},"cardDiscount":{"discountRate":0},"sellerInfo":{"sellCustNo":"155104283","sellLoginId":"emartmall2","nickname":"이마트몰쓱배송","isLmoOfficialSeller":false,"isFashionSquareSeller":false,"isBrandOfficialSeller":false},"hasOption":false,"isAdult":false,"isCartVisible":true,"discountRate":0,"sellPrice":3280,"tagLabels":[{"code":58,"text":"2개 사면 할인","bgColor":"#19C919"}],"buyUnitCount":1,"deliveryCode":"M","unitPrice":{"unit":100,"unitName":"mL","price":219},"rank":27,"lcode":"100000094","mcode":"200000753","scode":"300024678"},{"itemNo":"2518941477","itemName":"농심 백산수 2L 6입(무라벨)","itemUrl":"https://item.gmarket.co.kr/Item?goodscode=2518941477","imageUrl":"//gdimg.gmarket.co.kr/2518941477/still/400?ver=1723178358","sdBrandName":"농심","itemPrice":5880,"buyCount":9644,"reviewPoint":{"starPoint":4.69,"reviewCount":2276},"isBigSmileItem":false,"isSoldOut":false,"couponDiscount":{"discountType":"R","discountPrice":"0","discountRate":"15"},"cardDiscount":{"discountRate":0},"sellerInfo":{"sellCustNo":"155104283","sellLoginId":"emartmall2","nickname":"이마트몰쓱배송","isLmoOfficialSeller":false,"isFashionSquareSeller":false,"isBrandOfficialSeller":false},"hasOption":false,"isAdult":false,"isCartVisible":true,"discountRate":0,"sellPrice":5880,"tagLabels":[],"buyUnitCount":1,"deliveryCode":"M","rank":28,"lcode":"100000094","mcode":"200001204","scode":"300012400"},{"itemNo":"2522742757","itemName":"웅진_티즐 제로유자그린티500mL","itemUrl":"https://item.gmarket.co.kr/Item?goodscode=2522742757","imageUrl":"//gdimg.gmarket.co.kr/2522742757/still/400?ver=1725107424","sdBrandName":"웅진","itemPrice":1600,"buyCount":6189,"reviewPoint":{"starPoint":4.77,"reviewCount":835},"isBigSmileItem":false,"isSoldOut":false,"couponDiscount":{"discountType":"R","discountPrice":"0","discountRate":"15"},"cardDiscount":{"discountRate":0},"sellerInfo":{"sellCustNo":"155104283","sellLoginId":"emartmall2","nickname":"이마트몰쓱배송","isLmoOfficialSeller":false,"isFashionSquareSeller":false,"isBrandOfficialSeller":false},"hasOption":false,"isAdult":false,"isCartVisible":true,"discountRate":0,"sellPrice":1600,"tagLabels":[{"code":58,"text":"2개 사면 할인","bgColor":"#19C919"}],"buyUnitCount":1,"deliveryCode":"M","unitPrice":{"unit":100,"unitName":"mL","price":320},"rank":29,"lcode":"100000094","mcode":"200002375","scode":"300012402"},{"itemNo":"2523388072","itemName":"서울우유 아침에주스 오렌지 1.8L","itemUrl":"https://item.gmarket.co.kr/Item?goodscode=2523388072","imageUrl":"//gdimg.gmarket.co.kr/2523388072/still/400?ver=1725100022","sdBrandName":"아침에주스","itemPrice":6480,"buyCount":9772,"reviewPoint":{"starPoint":4.8,"reviewCount":2860},"isBigSmileItem":false,"isSoldOut":false,"couponDiscount":{"discountType":"R","discountPrice":"0","discountRate":"15"},"cardDiscount":{"discountRate":0},"sellerInfo":{"sellCustNo":"155104283","sellLoginId":"emartmall2","nickname":"이마트몰쓱배송","isLmoOfficialSeller":false,"isFashionSquareSeller":false,"isBrandOfficialSeller":false},"hasOption":false,"isAdult":false,"isCartVisible":true,"discountRate":0,"sellPrice":6480,"tagLabels":[],"buyUnitCount":1,"deliveryCode":"M","unitPrice":{"unit":100,"unitName":"mL","price":360},"rank":30,"lcode":"100000094","mcode":"200000563","scode":"300005673"},{"itemNo":"2523407923","itemName":"삼다수 500ml","itemUrl":"https://item.gmarket.co.kr/Item?goodscode=2523407923","imageUrl":"//gdimg.gmarket.co.kr/2523407923/still/400?ver=1714095813","sdBrandName":"제주삼다수","itemPrice":480,"buyCount":201680,"reviewPoint":{"starPoint":4.83,"reviewCount":2731},"isBigSmileItem":false,"isSoldOut":false,"couponDiscount":{"discountType":"R","discountPrice":"0","discountRate":"15"},"cardDiscount":{"discountRate":0},"sellerInfo":{"sellCustNo":"155104283","sellLoginId":"emartmall2","nickname":"이마트몰쓱배송","isLmoOfficialSeller":false,"isFashionSquareSeller":false,"isBrandOfficialSeller":false},"hasOption":false,"isAdult":false,"isCartVisible":true,"discountRate":0,"sellPrice":480,"tagLabels":[],"buyUnitCount":4,"deliveryCode":"M","rank":31,"lcode":"100000094","mcode":"200001204","scode":"300012400"},{"itemNo":"2518842977","itemName":"스프라이트 제로 1.5L","itemUrl":"https://item.gmarket.co.kr/Item?goodscode=2518842977","imageUrl":"//gdimg.gmarket.co.kr/2518842977/still/400?ver=1725115011","sdBrandName":"스프라이트 제로","itemPrice":1440,"buyCount":14651,"reviewPoint":{"starPoint":4.8,"reviewCount":1892},"isBigSmileItem":false,"isSoldOut":false,"couponDiscount":{"discountType":"R","discountPrice":"0","discountRate":"15"},"cardDiscount":{"discountRate":0},"sellerInfo":{"sellCustNo":"155104283","sellLoginId":"emartmall2","nickname":"이마트몰쓱배송","isLmoOfficialSeller":false,"isFashionSquareSeller":false,"isBrandOfficialSeller":false},"hasOption":false,"isAdult":false,"isCartVisible":true,"discountRate":0,"sellPrice":1440,"tagLabels":[],"buyUnitCount":1,"deliveryCode":"M","unitPrice":{"unit":100,"unitName":"mL","price":96},"rank":32,"lcode":"100000094","mcode":"200000753","scode":"300024678"},{"itemNo":"2518622377","itemName":"스프라이트 1.5L","itemUrl":"https://item.gmarket.co.kr/Item?goodscode=2518622377","imageUrl":"//gdimg.gmarket.co.kr/2518622377/still/400?ver=1725091777","sdBrandName":"스프라이트","itemPrice":1440,"buyCount":13469,"reviewPoint":{"starPoint":4.83,"reviewCount":2036},"isBigSmileItem":false,"isSoldOut":false,"couponDiscount":{"discountType":"R","discountPrice":"0","discountRate":"15"},"cardDiscount":{"discountRate":0},"sellerInfo":{"sellCustNo":"155104283","sellLoginId":"emartmall2","nickname":"이마트몰쓱배송","isLmoOfficialSeller":false,"isFashionSquareSeller":false,"isBrandOfficialSeller":false},"hasOption":false,"isAdult":false,"isCartVisible":true,"discountRate":0,"sellPrice":1440,"tagLabels":[],"buyUnitCount":1,"deliveryCode":"M","unitPrice":{"unit":100,"unitName":"mL","price":96},"rank":33,"lcode":"100000094","mcode":"200000753","scode":"300024678"},{"itemNo":"2519504771","itemName":"코코팜 포도 1.0L PET","itemUrl":"https://item.gmarket.co.kr/Item?goodscode=2519504771","imageUrl":"//gdimg.gmarket.co.kr/2519504771/still/400?ver=1725100135","itemPrice":980,"buyCount":5329,"reviewPoint":{"starPoint":4.82,"reviewCount":963},"isBigSmileItem":false,"isSoldOut":false,"couponDiscount":{"discountType":"R","discountPrice":"0","discountRate":"15"},"cardDiscount":{"discountRate":0},"sellerInfo":{"sellCustNo":"155104283","sellLoginId":"emartmall2","nickname":"이마트몰쓱배송","isLmoOfficialSeller":false,"isFashionSquareSeller":false,"isBrandOfficialSeller":false},"hasOption":false,"isAdult":false,"isCartVisible":true,"discountRate":55,"sellPrice":2180,"tagLabels":[],"buyUnitCount":1,"deliveryCode":"M","rank":34,"lcode":"100000094","mcode":"200000563","scode":"300005673"},{"itemNo":"3736935533","itemName":"노브랜드 사이다 1.5L","itemUrl":"https://item.gmarket.co.kr/Item?goodscode=3736935533","imageUrl":"//gdimg.gmarket.co.kr/3736935533/still/400?ver=1725143612","sdBrandName":"노브랜드","itemPrice":980,"buyCount":2705,"reviewPoint":{"starPoint":4.7,"reviewCount":447},"isBigSmileItem":false,"isSoldOut":false,"couponDiscount":{"discountType":"R","discountPrice":"0","discountRate":"15"},"cardDiscount":{"discountRate":0},"sellerInfo":{"sellCustNo":"155104283","sellLoginId":"emartmall2","nickname":"이마트몰쓱배송","isLmoOfficialSeller":false,"isFashionSquareSeller":false,"isBrandOfficialSeller":false},"hasOption":false,"isAdult":false,"isCartVisible":true,"discountRate":0,"sellPrice":980,"tagLabels":[],"buyUnitCount":1,"deliveryCode":"M","unitPrice":{"unit":100,"unitName":"mL","price":65},"rank":35,"lcode":"100000094","mcode":"200000753","scode":"300024678"},{"itemNo":"2908993993","itemName":"노브랜드 제로콜라 1L","itemUrl":"https://item.gmarket.co.kr/Item?goodscode=2908993993","imageUrl":"//gdimg.gmarket.co.kr/2908993993/still/400?ver=1725126682","sdBrandName":"노브랜드","itemPrice":980,"buyCount":9727,"reviewPoint":{"starPoint":4.76,"reviewCount":1979},"isBigSmileItem":false,"isSoldOut":false,"cardDiscount":{"discountRate":0},"sellerInfo":{"sellCustNo":"155104283","sellLoginId":"emartmall2","nickname":"이마트몰쓱배송","isLmoOfficialSeller":false,"isFashionSquareSeller":false,"isBrandOfficialSeller":false},"hasOption":false,"isAdult":false,"isCartVisible":true,"discountRate":0,"sellPrice":980,"tagLabels":[],"buyUnitCount":1,"deliveryCode":"M","unitPrice":{"unit":100,"unitName":"mL","price":98},"rank":36,"lcode":"100000094","mcode":"200000753","scode":"300024678"},{"itemNo":"2894219620","itemName":"노브랜드 캔콜라 제로 355ml6","itemUrl":"https://item.gmarket.co.kr/Item?goodscode=2894219620","imageUrl":"//gdimg.gmarket.co.kr/2894219620/still/400?ver=1725129938","sdBrandName":"노브랜드","itemPrice":2880,"buyCount":5381,"reviewPoint":{"starPoint":4.76,"reviewCount":1873},"isBigSmileItem":false,"isSoldOut":false,"cardDiscount":{"discountRate":0},"sellerInfo":{"sellCustNo":"155104283","sellLoginId":"emartmall2","nickname":"이마트몰쓱배송","isLmoOfficialSeller":false,"isFashionSquareSeller":false,"isBrandOfficialSeller":false},"hasOption":false,"isAdult":false,"isCartVisible":true,"discountRate":0,"sellPrice":2880,"tagLabels":[],"buyUnitCount":1,"deliveryCode":"M","unitPrice":{"unit":100,"unitName":"mL","price":135},"rank":37,"lcode":"100000094","mcode":"200000753","scode":"300024678"},{"itemNo":"2518609741","itemName":"암바사 1.5L","itemUrl":"https://item.gmarket.co.kr/Item?goodscode=2518609741","imageUrl":"//gdimg.gmarket.co.kr/2518609741/still/400?ver=1725091762","sdBrandName":"환타 밀크소다","itemPrice":1190,"buyCount":6078,"reviewPoint":{"starPoint":4.8,"reviewCount":988},"isBigSmileItem":false,"isSoldOut":false,"couponDiscount":{"discountType":"R","discountPrice":"0","discountRate":"15"},"cardDiscount":{"discountRate":0},"sellerInfo":{"sellCustNo":"155104283","sellLoginId":"emartmall2","nickname":"이마트몰쓱배송","isLmoOfficialSeller":false,"isFashionSquareSeller":false,"isBrandOfficialSeller":false},"hasOption":false,"isAdult":false,"isCartVisible":true,"discountRate":0,"sellPrice":1190,"tagLabels":[],"buyUnitCount":1,"deliveryCode":"M","unitPrice":{"unit":100,"unitName":"mL","price":79},"rank":38,"lcode":"100000094","mcode":"200000753","scode":"300024678"},{"itemNo":"2522368370","itemName":"칠성사이다210캔10","itemUrl":"https://item.gmarket.co.kr/Item?goodscode=2522368370","imageUrl":"//gdimg.gmarket.co.kr/2522368370/still/400?ver=1725101342","sdBrandName":"롯데칠성","itemPrice":5480,"buyCount":5574,"reviewPoint":{"starPoint":4.77,"reviewCount":1543},"isBigSmileItem":false,"isSoldOut":false,"couponDiscount":{"discountType":"R","discountPrice":"0","discountRate":"15"},"cardDiscount":{"discountRate":0},"sellerInfo":{"sellCustNo":"155104283","sellLoginId":"emartmall2","nickname":"이마트몰쓱배송","isLmoOfficialSeller":false,"isFashionSquareSeller":false,"isBrandOfficialSeller":false},"hasOption":false,"isAdult":false,"isCartVisible":true,"discountRate":0,"sellPrice":5480,"tagLabels":[],"buyUnitCount":1,"deliveryCode":"M","unitPrice":{"unit":100,"unitName":"mL","price":261},"rank":39,"lcode":"100000094","mcode":"200000753","scode":"300024678"},{"itemNo":"2518499685","itemName":"롯데 밀키스 1.5L","itemUrl":"https://item.gmarket.co.kr/Item?goodscode=2518499685","imageUrl":"//gdimg.gmarket.co.kr/2518499685/still/400?ver=1725092695","sdBrandName":"롯데칠성","itemPrice":1670,"buyCount":1872,"reviewPoint":{"starPoint":4.75,"reviewCount":477},"isBigSmileItem":false,"isSoldOut":false,"couponDiscount":{"discountType":"R","discountPrice":"0","discountRate":"15"},"cardDiscount":{"discountRate":0},"sellerInfo":{"sellCustNo":"155104283","sellLoginId":"emartmall2","nickname":"이마트몰쓱배송","isLmoOfficialSeller":false,"isFashionSquareSeller":false,"isBrandOfficialSeller":false},"hasOption":false,"isAdult":false,"isCartVisible":true,"discountRate":39,"sellPrice":2780,"tagLabels":[],"buyUnitCount":1,"deliveryCode":"M","unitPrice":{"unit":100,"unitName":"mL","price":111},"rank":40,"lcode":"100000094","mcode":"200000753","scode":"300024678"},{"itemNo":"2519466510","itemName":"토레타 900ml","itemUrl":"https://item.gmarket.co.kr/Item?goodscode=2519466510","imageUrl":"//gdimg.gmarket.co.kr/2519466510/still/400?ver=1725100381","sdBrandName":"토레타","itemPrice":1040,"buyCount":4414,"reviewPoint":{"starPoint":4.79,"reviewCount":529},"isBigSmileItem":false,"isSoldOut":false,"couponDiscount":{"discountType":"R","discountPrice":"0","discountRate":"15"},"cardDiscount":{"discountRate":0},"sellerInfo":{"sellCustNo":"155104283","sellLoginId":"emartmall2","nickname":"이마트몰쓱배송","isLmoOfficialSeller":false,"isFashionSquareSeller":false,"isBrandOfficialSeller":false},"hasOption":false,"isAdult":false,"isCartVisible":true,"discountRate":0,"sellPrice":1040,"tagLabels":[],"buyUnitCount":1,"deliveryCode":"M","unitPrice":{"unit":100,"unitName":"mL","price":116},"rank":41,"lcode":"100000094","mcode":"200001205","scode":"300013137"},{"itemNo":"3119336585","itemName":"환타 제로 파인애플 1.5L","itemUrl":"https://item.gmarket.co.kr/Item?goodscode=3119336585","imageUrl":"//gdimg.gmarket.co.kr/3119336585/still/400?ver=1725133895","sdBrandName":"환타 제로","itemPrice":1290,"buyCount":7333,"reviewPoint":{"starPoint":4.81,"reviewCount":1042},"isBigSmileItem":false,"isSoldOut":false,"couponDiscount":{"discountType":"R","discountPrice":"0","discountRate":"15"},"cardDiscount":{"discountRate":0},"sellerInfo":{"sellCustNo":"155104283","sellLoginId":"emartmall2","nickname":"이마트몰쓱배송","isLmoOfficialSeller":false,"isFashionSquareSeller":false,"isBrandOfficialSeller":false},"hasOption":false,"isAdult":false,"isCartVisible":true,"discountRate":0,"sellPrice":1290,"tagLabels":[],"buyUnitCount":1,"deliveryCode":"M","unitPrice":{"unit":100,"unitName":"mL","price":86},"rank":42,"lcode":"100000094","mcode":"200000753","scode":"300024678"},{"itemNo":"3951320970","itemName":"파워에이드 마운틴 블라스트 (1.5L)","itemUrl":"https://item.gmarket.co.kr/Item?goodscode=3951320970","imageUrl":"//gdimg.gmarket.co.kr/3951320970/still/400?ver=1725092716","sdBrandName":"파워에이드","itemPrice":1880,"buyCount":1855,"reviewPoint":{"starPoint":4.81,"reviewCount":201},"isBigSmileItem":false,"isSoldOut":false,"couponDiscount":{"discountType":"R","discountPrice":"0","discountRate":"15"},"cardDiscount":{"discountRate":0},"sellerInfo":{"sellCustNo":"155104283","sellLoginId":"emartmall2","nickname":"이마트몰쓱배송","isLmoOfficialSeller":false,"isFashionSquareSeller":false,"isBrandOfficialSeller":false},"hasOption":false,"isAdult":false,"isCartVisible":true,"discountRate":0,"sellPrice":1880,"tagLabels":[],"buyUnitCount":1,"deliveryCode":"M","unitPrice":{"unit":100,"unitName":"mL","price":125},"rank":43,"lcode":"100000094","mcode":"200001205","scode":"300013137"},{"itemNo":"2523329550","itemName":"CJ 한뿌리 인삼대보 병 10입","itemUrl":"https://item.gmarket.co.kr/Item?goodscode=2523329550","imageUrl":"//gdimg.gmarket.co.kr/2523329550/still/400?ver=1725119598","sdBrandName":"한뿌리","itemPrice":29900,"buyCount":423,"reviewPoint":{"starPoint":4.78,"reviewCount":126},"isBigSmileItem":false,"isSoldOut":false,"couponDiscount":{"discountType":"R","discountPrice":"0","discountRate":"15"},"cardDiscount":{"discountRate":0},"sellerInfo":{"sellCustNo":"155104283","sellLoginId":"emartmall2","nickname":"이마트몰쓱배송","isLmoOfficialSeller":false,"isFashionSquareSeller":false,"isBrandOfficialSeller":false},"hasOption":false,"isAdult":false,"isCartVisible":true,"discountRate":0,"sellPrice":29900,"tagLabels":[{"code":58,"text":"2개 사면 할인","bgColor":"#19C919"}],"buyUnitCount":1,"deliveryCode":"M","rank":44,"lcode":"100000068","mcode":"200000971","scode":"300025942"},{"itemNo":"2518761181","itemName":"콜드오렌지+포도 1L2 기획","itemUrl":"https://item.gmarket.co.kr/Item?goodscode=2518761181","imageUrl":"//gdimg.gmarket.co.kr/2518761181/still/400?ver=1725092205","itemPrice":6780,"buyCount":1232,"reviewPoint":{"starPoint":4.71,"reviewCount":255},"isBigSmileItem":false,"isSoldOut":false,"couponDiscount":{"discountType":"R","discountPrice":"0","discountRate":"15"},"cardDiscount":{"discountRate":0},"sellerInfo":{"sellCustNo":"155104283","sellLoginId":"emartmall2","nickname":"이마트몰쓱배송","isLmoOfficialSeller":false,"isFashionSquareSeller":false,"isBrandOfficialSeller":false},"hasOption":false,"isAdult":false,"isCartVisible":true,"discountRate":0,"sellPrice":6780,"tagLabels":[],"buyUnitCount":1,"deliveryCode":"M","rank":45,"lcode":"100000094","mcode":"200000563","scode":"300005673"},{"itemNo":"2578553357","itemName":"노브랜드쿨피치930ml","itemUrl":"https://item.gmarket.co.kr/Item?goodscode=2578553357","imageUrl":"//gdimg.gmarket.co.kr/2578553357/still/400?ver=1725122728","itemPrice":980,"buyCount":15208,"reviewPoint":{"starPoint":4.78,"reviewCount":4701},"isBigSmileItem":false,"isSoldOut":false,"cardDiscount":{"discountRate":0},"sellerInfo":{"sellCustNo":"155104283","sellLoginId":"emartmall2","nickname":"이마트몰쓱배송","isLmoOfficialSeller":false,"isFashionSquareSeller":false,"isBrandOfficialSeller":false},"hasOption":false,"isAdult":false,"isCartVisible":true,"discountRate":0,"sellPrice":980,"tagLabels":[],"buyUnitCount":1,"deliveryCode":"M","rank":46,"lcode":"100000094","mcode":"200000563","scode":"300005673"},{"itemNo":"2518844828","itemName":"노브랜드포도100% 1.5L","itemUrl":"https://item.gmarket.co.kr/Item?goodscode=2518844828","imageUrl":"//gdimg.gmarket.co.kr/2518844828/still/400?ver=1725115014","sdBrandName":"노브랜드","itemPrice":2280,"buyCount":7114,"reviewPoint":{"starPoint":4.78,"reviewCount":1975},"isBigSmileItem":false,"isSoldOut":false,"cardDiscount":{"discountRate":0},"sellerInfo":{"sellCustNo":"155104283","sellLoginId":"emartmall2","nickname":"이마트몰쓱배송","isLmoOfficialSeller":false,"isFashionSquareSeller":false,"isBrandOfficialSeller":false},"hasOption":false,"isAdult":false,"isCartVisible":true,"discountRate":0,"sellPrice":2280,"tagLabels":[],"buyUnitCount":1,"deliveryCode":"M","unitPrice":{"unit":100,"unitName":"mL","price":152},"rank":47,"lcode":"100000094","mcode":"200000563","scode":"300005673"},{"itemNo":"3780885033","itemName":"농심 멘토스 스파클링워터 레몬 355ml","itemUrl":"https://item.gmarket.co.kr/Item?goodscode=3780885033","imageUrl":"//gdimg.gmarket.co.kr/3780885033/still/400?ver=1725144148","sdBrandName":"멘토스","itemPrice":720,"buyCount":1505,"reviewPoint":{"starPoint":4.63,"reviewCount":139},"isBigSmileItem":false,"isSoldOut":false,"couponDiscount":{"discountType":"R","discountPrice":"0","discountRate":"15"},"cardDiscount":{"discountRate":0},"sellerInfo":{"sellCustNo":"155104283","sellLoginId":"emartmall2","nickname":"이마트몰쓱배송","isLmoOfficialSeller":false,"isFashionSquareSeller":false,"isBrandOfficialSeller":false},"hasOption":false,"isAdult":false,"isCartVisible":true,"discountRate":0,"sellPrice":720,"tagLabels":[{"code":58,"text":"2개 사면 할인","bgColor":"#19C919"}],"buyUnitCount":1,"deliveryCode":"M","unitPrice":{"unit":100,"unitName":"mL","price":203},"rank":48,"lcode":"100000094","mcode":"200000753","scode":"300012350"},{"itemNo":"2519429853","itemName":"노브랜드 콜라1.5L","itemUrl":"https://item.gmarket.co.kr/Item?goodscode=2519429853","imageUrl":"//gdimg.gmarket.co.kr/2519429853/still/400?ver=1725121110","sdBrandName":"노브랜드","itemPrice":980,"buyCount":33606,"reviewPoint":{"starPoint":4.74,"reviewCount":5485},"isBigSmileItem":false,"isSoldOut":false,"cardDiscount":{"discountRate":0},"sellerInfo":{"sellCustNo":"155104283","sellLoginId":"emartmall2","nickname":"이마트몰쓱배송","isLmoOfficialSeller":false,"isFashionSquareSeller":false,"isBrandOfficialSeller":false},"hasOption":false,"isAdult":false,"isCartVisible":true,"discountRate":0,"sellPrice":980,"tagLabels":[],"buyUnitCount":1,"deliveryCode":"M","unitPrice":{"unit":100,"unitName":"mL","price":65},"rank":49,"lcode":"100000094","mcode":"200000753","scode":"300024678"},{"itemNo":"2522396440","itemName":"노브랜드 착즙오렌지주스 1L","itemUrl":"https://item.gmarket.co.kr/Item?goodscode=2522396440","imageUrl":"//gdimg.gmarket.co.kr/2522396440/still/400?ver=1725101433","sdBrandName":"노브랜드","itemPrice":3280,"buyCount":3740,"reviewPoint":{"starPoint":4.74,"reviewCount":790},"isBigSmileItem":false,"isSoldOut":false,"cardDiscount":{"discountRate":0},"sellerInfo":{"sellCustNo":"155104283","sellLoginId":"emartmall2","nickname":"이마트몰쓱배송","isLmoOfficialSeller":false,"isFashionSquareSeller":false,"isBrandOfficialSeller":false},"hasOption":false,"isAdult":false,"isCartVisible":true,"discountRate":0,"sellPrice":3280,"tagLabels":[],"buyUnitCount":1,"deliveryCode":"M","unitPrice":{"unit":100,"unitName":"mL","price":328},"rank":50,"lcode":"100000094","mcode":"200000563","scode":"300005673"},{"itemNo":"2522767869","itemName":"코카콜라제로 215ml12","itemUrl":"https://item.gmarket.co.kr/Item?goodscode=2522767869","imageUrl":"//gdimg.gmarket.co.kr/2522767869/still/400?ver=1725107424","sdBrandName":"코카콜라 제로","itemPrice":8180,"buyCount":3203,"reviewPoint":{"starPoint":4.9,"reviewCount":693},"isBigSmileItem":false,"isSoldOut":false,"couponDiscount":{"discountType":"R","discountPrice":"0","discountRate":"15"},"cardDiscount":{"discountRate":0},"sellerInfo":{"sellCustNo":"155104283","sellLoginId":"emartmall2","nickname":"이마트몰쓱배송","isLmoOfficialSeller":false,"isFashionSquareSeller":false,"isBrandOfficialSeller":false},"hasOption":false,"isAdult":false,"isCartVisible":true,"discountRate":0,"sellPrice":8180,"tagLabels":[],"buyUnitCount":1,"deliveryCode":"M","unitPrice":{"unit":100,"unitName":"mL","price":317},"rank":51,"lcode":"100000094","mcode":"200000753","scode":"300024678"},{"itemNo":"2519078874","itemName":"웅진_누룽지차 1.5L","itemUrl":"https://item.gmarket.co.kr/Item?goodscode=2519078874","imageUrl":"//gdimg.gmarket.co.kr/2519078874/still/400?ver=1725122914","sdBrandName":"웅진","itemPrice":2080,"buyCount":6164,"reviewPoint":{"starPoint":4.81,"reviewCount":489},"isBigSmileItem":false,"isSoldOut":false,"couponDiscount":{"discountType":"R","discountPrice":"0","discountRate":"15"},"cardDiscount":{"discountRate":0},"sellerInfo":{"sellCustNo":"155104283","sellLoginId":"emartmall2","nickname":"이마트몰쓱배송","isLmoOfficialSeller":false,"isFashionSquareSeller":false,"isBrandOfficialSeller":false},"hasOption":false,"isAdult":false,"isCartVisible":true,"discountRate":0,"sellPrice":2080,"tagLabels":[{"code":58,"text":"2개 사면 할인","bgColor":"#19C919"}],"buyUnitCount":1,"deliveryCode":"M","unitPrice":{"unit":100,"unitName":"mL","price":139},"rank":52,"lcode":"100000094","mcode":"200002375","scode":"300012402"},{"itemNo":"2518525751","itemName":"노브랜드 Fresh망고음료1.5L","itemUrl":"https://item.gmarket.co.kr/Item?goodscode=2518525751","imageUrl":"//gdimg.gmarket.co.kr/2518525751/still/400?ver=1725106889","itemPrice":2080,"buyCount":7271,"reviewPoint":{"starPoint":4.82,"reviewCount":1724},"isBigSmileItem":false,"isSoldOut":false,"cardDiscount":{"discountRate":0},"sellerInfo":{"sellCustNo":"155104283","sellLoginId":"emartmall2","nickname":"이마트몰쓱배송","isLmoOfficialSeller":false,"isFashionSquareSeller":false,"isBrandOfficialSeller":false},"hasOption":false,"isAdult":false,"isCartVisible":true,"discountRate":0,"sellPrice":2080,"tagLabels":[],"buyUnitCount":1,"deliveryCode":"M","rank":53,"lcode":"100000094","mcode":"200000563","scode":"300005673"},{"itemNo":"2522388268","itemName":"트레비 레몬 300ml20","itemUrl":"https://item.gmarket.co.kr/Item?goodscode=2522388268","imageUrl":"//gdimg.gmarket.co.kr/2522388268/still/400?ver=1725101299","sdBrandName":"롯데칠성","itemPrice":9780,"buyCount":3905,"reviewPoint":{"starPoint":4.77,"reviewCount":969},"isBigSmileItem":false,"isSoldOut":false,"couponDiscount":{"discountType":"R","discountPrice":"0","discountRate":"15"},"cardDiscount":{"discountRate":0},"sellerInfo":{"sellCustNo":"155104283","sellLoginId":"emartmall2","nickname":"이마트몰쓱배송","isLmoOfficialSeller":false,"isFashionSquareSeller":false,"isBrandOfficialSeller":false},"hasOption":false,"isAdult":false,"isCartVisible":true,"discountRate":0,"sellPrice":9780,"tagLabels":[],"buyUnitCount":1,"deliveryCode":"M","unitPrice":{"unit":100,"unitName":"mL","price":163},"rank":54,"lcode":"100000094","mcode":"200001204","scode":"300029196"},{"itemNo":"2518524723","itemName":"노브랜드 Fresh토마토음료 1.5L","itemUrl":"https://item.gmarket.co.kr/Item?goodscode=2518524723","imageUrl":"//gdimg.gmarket.co.kr/2518524723/still/400?ver=1725107434","sdBrandName":"노브랜드","itemPrice":1880,"buyCount":10714,"reviewPoint":{"starPoint":4.73,"reviewCount":2946},"isBigSmileItem":false,"isSoldOut":false,"cardDiscount":{"discountRate":0},"sellerInfo":{"sellCustNo":"155104283","sellLoginId":"emartmall2","nickname":"이마트몰쓱배송","isLmoOfficialSeller":false,"isFashionSquareSeller":false,"isBrandOfficialSeller":false},"hasOption":false,"isAdult":false,"isCartVisible":true,"discountRate":0,"sellPrice":1880,"tagLabels":[],"buyUnitCount":1,"deliveryCode":"M","unitPrice":{"unit":100,"unitName":"mL","price":125},"rank":55,"lcode":"100000094","mcode":"200000563","scode":"300005673"},{"itemNo":"2518405645","itemName":"롯데 게토레이 1.5L","itemUrl":"https://item.gmarket.co.kr/Item?goodscode=2518405645","imageUrl":"//gdimg.gmarket.co.kr/2518405645/still/400?ver=1725237923","sdBrandName":"게토레이","itemPrice":3680,"buyCount":6327,"reviewPoint":{"starPoint":4.83,"reviewCount":1086},"isBigSmileItem":false,"isSoldOut":false,"couponDiscount":{"discountType":"R","discountPrice":"0","discountRate":"15"},"cardDiscount":{"discountRate":0},"sellerInfo":{"sellCustNo":"155104283","sellLoginId":"emartmall2","nickname":"이마트몰쓱배송","isLmoOfficialSeller":false,"isFashionSquareSeller":false,"isBrandOfficialSeller":false},"hasOption":false,"isAdult":false,"isCartVisible":true,"discountRate":0,"sellPrice":3680,"tagLabels":[{"code":58,"text":"2개 사면 할인","bgColor":"#19C919"}],"buyUnitCount":1,"deliveryCode":"M","unitPrice":{"unit":100,"unitName":"mL","price":245},"rank":56,"lcode":"100000094","mcode":"200001205","scode":"300013137"},{"itemNo":"2522741181","itemName":"웅진_티즐 제로 피치우롱티500mL","itemUrl":"https://item.gmarket.co.kr/Item?goodscode=2522741181","imageUrl":"//gdimg.gmarket.co.kr/2522741181/still/400?ver=1725107429","sdBrandName":"웅진","itemPrice":1600,"buyCount":10383,"reviewPoint":{"starPoint":4.74,"reviewCount":1215},"isBigSmileItem":false,"isSoldOut":false,"couponDiscount":{"discountType":"R","discountPrice":"0","discountRate":"15"},"cardDiscount":{"discountRate":0},"sellerInfo":{"sellCustNo":"155104283","sellLoginId":"emartmall2","nickname":"이마트몰쓱배송","isLmoOfficialSeller":false,"isFashionSquareSeller":false,"isBrandOfficialSeller":false},"hasOption":false,"isAdult":false,"isCartVisible":true,"discountRate":0,"sellPrice":1600,"tagLabels":[{"code":58,"text":"2개 사면 할인","bgColor":"#19C919"}],"buyUnitCount":1,"deliveryCode":"M","rank":57,"lcode":"100000094","mcode":"200002375","scode":"300012402"},{"itemNo":"2522374838","itemName":"코카콜라 300ml12PET","itemUrl":"https://item.gmarket.co.kr/Item?goodscode=2522374838","imageUrl":"//gdimg.gmarket.co.kr/2522374838/still/400?ver=1725101424","sdBrandName":"코카콜라","itemPrice":10980,"buyCount":1998,"reviewPoint":{"starPoint":4.72,"reviewCount":461},"isBigSmileItem":false,"isSoldOut":false,"couponDiscount":{"discountType":"R","discountPrice":"0","discountRate":"15"},"cardDiscount":{"discountRate":0},"sellerInfo":{"sellCustNo":"155104283","sellLoginId":"emartmall2","nickname":"이마트몰쓱배송","isLmoOfficialSeller":false,"isFashionSquareSeller":false,"isBrandOfficialSeller":false},"hasOption":false,"isAdult":false,"isCartVisible":true,"discountRate":0,"sellPrice":10980,"tagLabels":[],"buyUnitCount":1,"deliveryCode":"M","unitPrice":{"unit":100,"unitName":"mL","price":305},"rank":58,"lcode":"100000094","mcode":"200000753","scode":"300024678"},{"itemNo":"2523345443","itemName":"노브랜드 식혜 음료 238ml12","itemUrl":"https://item.gmarket.co.kr/Item?goodscode=2523345443","imageUrl":"//gdimg.gmarket.co.kr/2523345443/still/400?ver=1725100087","sdBrandName":"노브랜드","itemPrice":5980,"buyCount":4098,"reviewPoint":{"starPoint":4.78,"reviewCount":1431},"isBigSmileItem":false,"isSoldOut":false,"cardDiscount":{"discountRate":0},"sellerInfo":{"sellCustNo":"155104283","sellLoginId":"emartmall2","nickname":"이마트몰쓱배송","isLmoOfficialSeller":false,"isFashionSquareSeller":false,"isBrandOfficialSeller":false},"hasOption":false,"isAdult":false,"isCartVisible":true,"discountRate":0,"sellPrice":5980,"tagLabels":[],"buyUnitCount":1,"deliveryCode":"M","unitPrice":{"unit":100,"unitName":"mL","price":209},"rank":59,"lcode":"100000094","mcode":"200002375","scode":"300012402"},{"itemNo":"2542742687","itemName":"자연주의 유기농 식혜 1.8L","itemUrl":"https://item.gmarket.co.kr/Item?goodscode=2542742687","imageUrl":"//gdimg.gmarket.co.kr/2542742687/still/400?ver=1725126685","sdBrandName":"자연주의","itemPrice":5980,"buyCount":1321,"reviewPoint":{"starPoint":4.76,"reviewCount":384},"isBigSmileItem":false,"isSoldOut":false,"couponDiscount":{"discountType":"R","discountPrice":"0","discountRate":"15"},"cardDiscount":{"discountRate":0},"sellerInfo":{"sellCustNo":"155104283","sellLoginId":"emartmall2","nickname":"이마트몰쓱배송","isLmoOfficialSeller":false,"isFashionSquareSeller":false,"isBrandOfficialSeller":false},"hasOption":false,"isAdult":false,"isCartVisible":true,"discountRate":25,"sellPrice":7980,"tagLabels":[],"buyUnitCount":1,"deliveryCode":"M","unitPrice":{"unit":100,"unitName":"mL","price":332},"rank":60,"lcode":"100000094","mcode":"200000390","scode":"300029211"}]},"additionalItem":{"items":[]},"pagination":{"currentPageNo":1,"pageSize":60,"totalResultCount":623},"sortOption":"Popularity"},"filterState":[],"bigSmileDay":{"isBigSmileDay":true,"bsdTagImageUrl":"//image.gmarket.co.kr/hanbando/202408/a4e449b9-22a7-4df9-aaa4-148d912fcc83.png","bsdTagAltText":"한가위 빅세일","bsdToggleText":"//image.gmarket.co.kr/hanbando/202408/59082f4f-8cf6-4b62-b345-1072bb0c0d3c.gif","bsdToggleBackGround":"//image.gmarket.co.kr/hanbando/202408/7911f573-e13d-4fcc-80de-3c1fbed2bfdb.png","bsdToggleUseSmileIcon":false,"bsdToggleOnAltText":"한가위 빅세일 필터 ","bsdToggleOffAltText":"한가위 빅세일 필터 "},"isSFC":false}},"__N_SSP":true},"page":"/n/smilefresh/category","query":{"categoryCode":"100001013"},"buildId":"FuleE6RJUYphys9RuEDG0","assetPrefix":"/n/smilefresh","isFallback":false,"gssp":true,"customServer":true,"scriptLoader":[]}</script><script>(function(){function c(){var b=a.contentDocument||a.contentWindow.document;if(b){var d=b.createElement('script');d.innerHTML="window.__CF$cv$params={r:'8bea74fecee2a7dd',t:'MTcyNTU4Mzc0My4wMDAwMDA='};var a=document.createElement('script');a.nonce='';a.src='/cdn-cgi/challenge-platform/scripts/jsd/main.js';document.getElementsByTagName('head')[0].appendChild(a);";b.getElementsByTagName('head')[0].appendChild(d)}}if(document.body){var a=document.createElement('iframe');a.height=1;a.width=1;a.style.position='absolute';a.style.top=0;a.style.left=0;a.style.border='none';a.style.visibility='hidden';document.body.appendChild(a);if('loading'!==document.readyState)c();else if(window.addEventListener)document.addEventListener('DOMContentLoaded',c);else{var e=document.onreadystatechange||function(){};document.onreadystatechange=function(b){e(b);'loading'!==document.readyState&&(document.onreadystatechange=e,c())}}}})();</script></body></html>