<!DOCTYPE html><html lang="ko" class="no-js platform__web os__windows"><head><meta name="viewport" content="width=1260"/><meta charSet="utf-8"/><meta http-equiv="X-UA-Compatible" content="ie=edge"/><meta name="msapplication-starturl" content="https://www.gmarket.co.kr/n/smilefresh"/><meta property="og:site_name" content="Gmarket"/><meta property="og:title" content="[G마켓] 스마일프레시"/><meta property="og:type" content="website"/><meta property="og:image" content="http://pics.gmarket.co.kr/share/G_smilefresh_1.0.png"/><meta http-equiv="x-dns-prefetch-control" content="on"/><link rel="dns-prefetch" href="https://pics.gmarket.co.kr/"/><link rel="dns-prefetch" href="https://script.gmarket.co.kr/"/><link rel="dns-prefetch" href="https://image.gmarket.co.kr/"/><link rel="dns-prefetch" href="https://gdimg.gmarket.co.kr/"/><link rel="dns-prefetch" href="https://ad-img.gmarket.com/"/><meta name="p:domain_verify" content="f439a07b31c110a1a16c9a468a630af9"/><meta property="fb:admins" content="100000991027914"/><link rel="apple-touch-icon-precomposed" href="http://image.gmarket.co.kr/Gmarket_Mobile_v2/icon_01.png"/><link rel="shortcut icon" href="https://image.gmarket.co.kr/favicon/gmarket.ico"/><link rel="stylesheet" href="https://script.gmarket.co.kr/pc/css/ko/common.css"/><link rel="stylesheet" href="https://script.gmarket.co.kr/pc/css/common/kr/ui/common.css"/><link rel="stylesheet" href="https://script.gmarket.co.kr/pc/css/common/kr/swiper.min.css"/><link rel="stylesheet" href="https://script.gmarket.co.kr/pc/css/application/kr/smilefresh/app.css"/><link rel="stylesheet" href="https://script.gmarket.co.kr/pc/css/common/kr/ui/desktop_layout.css"/><link rel="preload" as="script" href="https://script.gmarket.co.kr/mobile/js/common/kr/util/viewability.js"/><link rel="preload" as="script" href="https://script.gmarket.co.kr/js/common/ats_gmkt.js"/><link rel="preload" as="script" href="https://script.gmarket.co.kr/fnp/desktop-layout.js"/><style>img[class*=no-js],.swiper-lazy.swiper-lazy-loaded{opacity:1;transition:opacity 0.2s;}img[src^=data],.swiper-lazy{opacity:0;}</style><title>스마일프레시 - 푸드쏙쏙</title><meta name="description" content="푸드쏙쏙 상품입니다."/><meta property="og:description" content="푸드쏙쏙 상품입니다."/><meta property="og:url" content="https://www.gmarket.co.kr/n/smilefresh/sale?promotionCode=4"/><link rel="canonical" href="sale@promotionCode=4.html"/><link rel="alternate" media="only screen and (max-width: 640px)" href="https://m.gmarket.co.kr/n/smilefresh/sale?promotionCode=4"/><meta name="next-head-count" content="33"/><noscript data-n-css=""></noscript><script defer="" nomodule="" src="_next/static/chunks/polyfills-c67a75d1b6f99dc8.js"></script><script defer="" nomodule="" src="_next/static/chunks/polyfills-next-pack-2cc6155c435f3c28.js"></script><script src="_next/static/chunks/webpack-d1ca374413357f9c.js" defer=""></script><script src="_next/static/chunks/framework-0bff4c72fef67389.js" defer=""></script><script src="_next/static/chunks/main-92a66ce9cd5c1b79.js" defer=""></script><script src="_next/static/chunks/pages/_app-e41d5dd9fd26cf09.js" defer=""></script><script src="_next/static/chunks/94a7ad86-beff1d5f4916f37c.js" defer=""></script><script src="_next/static/chunks/c30a072d-b284a345e70d4a79.js" defer=""></script><script src="_next/static/chunks/971-4b1e901bc43526de.js" defer=""></script><script src="_next/static/chunks/765-5e6e5dea54f3191b.js" defer=""></script><script src="_next/static/chunks/186-c103d92344bdb142.js" defer=""></script><script src="_next/static/chunks/29-aeaaef68278b881e.js" defer=""></script><script src="_next/static/chunks/401-32b649bde914004a.js" defer=""></script><script src="_next/static/chunks/233-03ce063c0eec1686.js" defer=""></script><script src="_next/static/chunks/37-724e4d76d42b66f8.js" defer=""></script><script src="_next/static/chunks/815-fa1dc9d1dbff1188.js" defer=""></script><script src="_next/static/chunks/pages/n/smilefresh/sale-2983bfe77b0b41fd.js" defer=""></script><script src="_next/static/FuleE6RJUYphys9RuEDG0/_buildManifest.js" defer=""></script><script src="_next/static/FuleE6RJUYphys9RuEDG0/_ssgManifest.js" defer=""></script></head><body class="smilefresh"><script>document.documentElement.className = document.documentElement.className.replace('no-js', 'js');</script><noscript><iframe src="https://www.googletagmanager.com/ns.html?id=GTM-MFMM9GV" height="0" width="0" style="display:none;visibility:hidden" title="smilefresh"></iframe></noscript><div id="__next" data-reactroot=""><div id="skip-navigation" class="skip-navigation-simpleheader"><strong class="for-a11y">스킵 네비게이션</strong><ul><li><a href="sale@promotionCode=4.html#skip-navigation-search">검색창 바로가기</a></li><li><a href="sale@promotionCode=4.html#button__category-all">전체카테고리 바로가기</a></li><li><a href="sale@promotionCode=4.html#container">본문 바로가기</a></li></ul></div><div style="min-height:40px"></div><h2 class="for-a11y">스마일프레시 검색창</h2><div id="smile_gnb" class="smilefresh_gnb" role="complementary" style="position:relative;top:0;z-index:400"><div class="gnb_container"><div class="layout_left"><div id="_smilelnb" class="corenavi navi_allmenu"><button type="button" class="navi_opener" aria-label="스마일프레시 카테고리 메뉴" aria-expanded="false" aria-controls="smiledelivery_category_list"><p class="for-a11y">전체메뉴</p><em class="ico_hambugermenu"><span class="line1"></span><span class="line2"></span><span class="line3"></span></em></button></div><h1><a title="스마일프레시" href="../smilefresh.html"><img src="https://pics.gmarket.co.kr/pc/single/kr/smilefresh/logo_smilefresh.png" height="32" alt="스마일프레시"/></a></h1><div class="smile_search"><form method="get" action="https://www.gmarket.co.kr/n/smilefresh/search"><div class="search_box"><input type="text" class="search_input_keyword" name="keyword" title="검색어입력" aria-label="스마일프레시 검색 입력" autoComplete="off" spellcheck="false" autoCorrect="off" autoCapitalize="off" value=""/><input type="submit" value="검색" class="search_btn_ok sp_sd" style="cursor:pointer"/></div><div class="suggestion_search"></div></form></div></div><div class="layout_right"><a href="https://myg.gmarket.co.kr/ContractList/ContractList" class="link__my sp_sd--before">장본내역</a><div class="cart_guage"><a href="https://cart.gmarket.co.kr/ko/cart/smilefresh" class="cart sp_sd"><span class="for-a11y">장바구니</span></a><span class="for-a11y">장바구니에 담긴 상품수</span></div></div></div><div class="box__smilefresh"><div class="box__smilefresh-inner"><ul class="list__tab" aria-label="스마일프레시 메뉴"><li><a class="link__tab" href="../smilefresh.html">홈</a></li><li><a class="link__tab" href="brand.html">브랜드</a></li><li><a class="link__tab" href="best.html">베스트</a></li><li><a class="link__tab link__tab--active" aria-current="page" href="sale.html">행사중</a></li><li><a class="link__tab" href="freq-buy.html">자주구매</a></li></ul><a href="guide.html" class="link__guide sprite__smilefresh--after">스마일프레시 알아보기</a></div></div></div><div id="container" role="main"><div class="box__component box__smilefresh-delivery"><div class="box__component-inner"><div class="box__delivery-info login"><span class="sprite__smilefresh--before text__address"><span class="text__state">로그인</span>을 진행해 주세요</span><a class="button__address" href="sale@promotionCode=4.html">로그인</a></div></div></div><div class="box__smilefresh-content box__smilefresh-promotion"><div class="box__sub-category box__sub-category-type2"><div class="box__sub-category-inner"><h2 class="text__title">스마일프레시 지금은 행사중</h2><div class="box__recomend-category category_sec" role="navigation"><div class="box__inner" style="width:1220px"><div class="swiper-container"><div class="swiper-wrapper"><div class="swiper-slide"><ul class="category_slide" aria-label="스마일프레시 지금은 행사중 메뉴"><li class="list-item"><a href="sale@promotionCode=1.html"><div class="img_sec"><img data-src="//image.gmarket.co.kr/hanbando/202207/9c775d19-af57-429d-8d63-711a967ab574.png" class="swiper-lazy" alt=""/></div><div class="box__category-name"><div class="box__category-name-inner"><span class="category_name">하나더</span></div></div></a></li><li class="list-item"><a href="sale@promotionCode=2.html"><div class="img_sec"><img data-src="//image.gmarket.co.kr/hanbando/202207/4aa25fd2-8834-49ad-999b-16f295ead6b8.png" class="swiper-lazy" alt=""/></div><div class="box__category-name"><div class="box__category-name-inner"><span class="category_name">전단상품</span></div></div></a></li><li class="list-item"><a href="sale@promotionCode=3.html"><div class="img_sec"><img data-src="//image.gmarket.co.kr/hanbando/202207/e7276ebc-34f6-4292-bcdd-6875413cbc69.png" class="swiper-lazy" alt=""/></div><div class="box__category-name"><div class="box__category-name-inner"><span class="category_name">오반장</span></div></div></a></li><li class="list-item list-item--active"><a aria-current="page" href="sale@promotionCode=4.html"><div class="img_sec"><img data-src="//image.gmarket.co.kr/hanbando/202207/1c7e57c7-74dd-49e7-91a5-159b2c4550b2.png" class="swiper-lazy" alt=""/></div><div class="box__category-name"><div class="box__category-name-inner"><span class="category_name">푸드쏙쏙</span></div></div></a></li></ul></div></div></div></div></div></div></div><div class="box__module-wrap"><div class="box__module-inner"><div class="box__module-title"><h1 class="text__title">푸드쏙쏙</h1><span class="text__sub-info" aria-live="polite" aria-atomic="true"><span class="text__deco">290개</span>의 상품</span><ul class="list__sort" aria-label="정렬 옵션"><li class="sprite__smilefresh--before list-item js-active"><button class="button__sort" aria-current="true">판매인기순</button></li><li class="sprite__smilefresh--before list-item"><button class="button__sort" aria-current="false">낮은가격순</button></li><li class="sprite__smilefresh--before list-item"><button class="button__sort" aria-current="false">높은가격순</button></li></ul></div></div></div><div class="box__smilefresh-inner"><div class="wrap__filter"><ul class="list__filter"><li class="wrap__filter-item category active"><button type="button" class="sprite__smilefresh--after button__filter-title" aria-expanded="true"><span class="text__filter-title">카테고리</span></button><div class="wrap__filter-item-content" aria-hidden="false"><ul aria-label="1단계"><li class="button__goto-category root"><label for="category-root-1" class="text__item-name" role="button" tabindex="0" aria-current="false">채소/두부</label><input type="radio" id="category-root-1" name="c" value="100001001"/></li><li class="button__goto-category root"><label for="category-root-2" class="text__item-name" role="button" tabindex="0" aria-current="false">우유/유제품/유아식</label><input type="radio" id="category-root-2" name="c" value="100001009"/></li><li class="button__goto-category root"><label for="category-root-3" class="text__item-name" role="button" tabindex="0" aria-current="false">냉장/냉동/간편식</label><input type="radio" id="category-root-3" name="c" value="100001011"/></li><li class="button__goto-category root"><label for="category-root-4" class="text__item-name" role="button" tabindex="0" aria-current="false">생수/음료/주류</label><input type="radio" id="category-root-4" name="c" value="100001013"/></li><li class="button__goto-category root"><label for="category-root-5" class="text__item-name" role="button" tabindex="0" aria-current="false">라면/면류/즉석식품/통조림</label><input type="radio" id="category-root-5" name="c" value="100001015"/></li><li class="button__goto-category root"><label for="category-root-6" class="text__item-name" role="button" tabindex="0" aria-current="false">과자/시리얼/빙과/떡</label><input type="radio" id="category-root-6" name="c" value="100001017"/></li><li class="button__goto-category root"><label for="category-root-7" class="text__item-name" role="button" tabindex="0" aria-current="false">제지/위생/건강용품</label><input type="radio" id="category-root-7" name="c" value="100001020"/></li><li class="button__goto-category root"><label for="category-root-8" class="text__item-name" role="button" tabindex="0" aria-current="false">뷰티</label><input type="radio" id="category-root-8" name="c" value="100001026"/></li><li class="button__goto-category root"><label for="category-root-9" class="text__item-name" role="button" tabindex="0" aria-current="false">유아동/출산/완구</label><input type="radio" id="category-root-9" name="c" value="100001027"/></li></ul></div></li><li class="wrap__filter-item brand active"><button type="button" class="sprite__smilefresh--after button__filter-title" aria-expanded="true"><span class="text__filter-title">브랜드</span></button><div class="wrap__filter-item-content" aria-hidden="false"><ul class="list__items type-checkbox"><li class="item"><input type="checkbox" id="child-brand-checkbox-1" class="sprite__smilefresh form__checkbox" value="24148" name="b" tabindex="0"/><label for="child-brand-checkbox-1" class="text__checkbox">페리오</label></li><li class="item"><input type="checkbox" id="child-brand-checkbox-2" class="sprite__smilefresh form__checkbox" value="28763" name="b" tabindex="0"/><label for="child-brand-checkbox-2" class="text__checkbox">아이깨끗해</label></li><li class="item"><input type="checkbox" id="child-brand-checkbox-3" class="sprite__smilefresh form__checkbox" value="26874" name="b" tabindex="0"/><label for="child-brand-checkbox-3" class="text__checkbox">동원</label></li><li class="item"><input type="checkbox" id="child-brand-checkbox-4" class="sprite__smilefresh form__checkbox" value="34761" name="b" tabindex="0"/><label for="child-brand-checkbox-4" class="text__checkbox">풀무원</label></li><li class="item"><input type="checkbox" id="child-brand-checkbox-5" class="sprite__smilefresh form__checkbox" value="20238" name="b" tabindex="0"/><label for="child-brand-checkbox-5" class="text__checkbox">가그린</label></li><li class="item"><input type="checkbox" id="child-brand-checkbox-6" class="sprite__smilefresh form__checkbox" value="34313" name="b" tabindex="0"/><label for="child-brand-checkbox-6" class="text__checkbox">애경</label></li><li class="item"><input type="checkbox" id="child-brand-checkbox-7" class="sprite__smilefresh form__checkbox" value="67547" name="b" tabindex="0"/><label for="child-brand-checkbox-7" class="text__checkbox">이클립스</label></li><li class="item"><input type="checkbox" id="child-brand-checkbox-8" class="sprite__smilefresh form__checkbox" value="35928" name="b" tabindex="0"/><label for="child-brand-checkbox-8" class="text__checkbox">매일유업</label></li><li class="item"><input type="checkbox" id="child-brand-checkbox-9" class="sprite__smilefresh form__checkbox" value="42285" name="b" tabindex="0"/><label for="child-brand-checkbox-9" class="text__checkbox">롯데칠성</label></li><li class="item"><input type="checkbox" id="child-brand-checkbox-10" class="sprite__smilefresh form__checkbox" value="32791" name="b" tabindex="0"/><label for="child-brand-checkbox-10" class="text__checkbox">진주햄</label></li></ul><button type="button" class="button__show-more-list" aria-expanded="false" tabindex="0"><span class="text__show-more-list">더보기</span></button></div></li><li class="wrap__filter-item price active"><button type="button" class="sprite__smilefresh--after button__filter-title" aria-expanded="true"><span class="text__filter-title">가격대</span></button><div class="wrap__filter-item-content" aria-hidden="false"><div class="wrap__set-price"><div class="input__min-price"><label for="price-input-min" class="for-a11y">최저가격을 입력해 주세요.</label><input type="text" id="price-input-min" name="minPrice" class="input__set-price" min="0" inputMode="search" pattern="[0-9]*" autoComplete="off" tabindex="0"/><span class="text__price-unit">원</span></div><span class="text__description">~</span><div class="input__max-price"><label for="price-input-max" class="for-a11y">최고가격을 입력해 주세요.</label><input type="text" id="price-input-max" name="maxPrice" class="input__set-price" min="0" inputMode="search" pattern="[0-9]*" autoComplete="off" tabindex="0"/><span class="text__price-unit">원</span></div><button type="button" class="sprite__smilefresh--before button__set-price-range" tabindex="0"><span class="for-a11y">가격대 설정</span></button></div></div></li><li class="wrap__filter-item research active"><button type="button" class="sprite__smilefresh--after button__filter-title" aria-expanded="true"><span class="text__filter-title">결과 내 재검색</span></button><div class="wrap__filter-item-content" aria-hidden="false"><div class="wrap__research"><div class="input__test"><label for="filter_search" class="for-a11y">키워드를 입력해 주세요.</label><input type="search" id="filter_search" name="keyword" class="input__set-price" inputMode="search" autoComplete="off" tabindex="0"/></div><button type="button" class="sprite__smilefresh--before button__research" tabindex="0"><span class="for-a11y">검색하기</span></button></div></div></li></ul></div><div class="box__content-area"><div class="box__divider"><div class="box__itemcard"><div class="box__items-list"><ul class="list__itemcard-slide"><li class="list-item"><div class="box__itemcard-container"><div class="box__itemcard-body"><div class="box__itemcard-inner"><span class="box__thumbnail__label">2개 사면 할인</span><a class="link__itemcard" href="https://item.gmarket.co.kr/Item?goodscode=2518443136" tabindex="-1" aria-hidden="true"><span class="box__itemcard-img"><img class="image__itemcard no-js-400?ver=1725092613" src="data:image/gif;base64,R0lGODlhAQABAIAAAP///wAAACH5BAEAAAAALAAAAAABAAEAAAICRAEAOw==" alt="풀무원 특등급 국산두부 찌개 380g - 상품 이미지"/><noscript><style>.no-js-400?ver=1725092613 { display: none !important; }</style><img class="image__itemcard" src="https://gdimg.gmarket.co.kr/2518443136/still/400?ver=1725092613" alt="풀무원 특등급 국산두부 찌개 380g - 상품 이미지"/></noscript></span></a><div class="box__itemcard-info"><div class="box__element-info"><div class="element-info-qty"><button aria-describedby="itemCard_title_2518443136" class="sprite__smilefresh--before element-info-qty-minus" aria-disabled="true"><span class="for-a11y">상품 수 <!-- -->1<!-- --> 감소</span></button><span class="element-info-item-qty" aria-describedby="itemCard_title_2518443136"><span class="for-a11y">선택된 수량</span> <!-- -->1</span><button aria-describedby="itemCard_title_2518443136" class="sprite__smilefresh--before element-info-qty-plus"><span class="for-a11y">상품 수 <!-- -->1<!-- --> 증가</span></button></div><button type="button" class="sprite__smilefresh--before element-info-cart" aria-describedby="itemCard_title_2518443136"><span class="for-a11y">장바구니 담기</span></button></div><a href="https://item.gmarket.co.kr/Item?goodscode=2518443136" class="link__itemcard-info"><span class="box__itemcard-title-area" id="itemCard_title_2518443136"><span class="text__brand"><span class="text">풀무원</span></span><span class="text__title" id="item_title">풀무원 특등급 국산두부 찌개 380g</span></span><span class="box__itemcard-price-area"><span class="box__price-seller"><span class="for-a11y">판매가</span><strong class="text__price-seller">5,480</strong><span class="text__unit">원</span></span></span><span class="box__itemcard-info-score"><span class="sprite__smilefresh--before box__score-awards"><span class="for-a11y">평점</span><span class="text text__score">4.8</span><span class="for-a11y">후기</span><span class="text text__num">(261)</span><span class="for-a11y">건</span></span><span class="box__score-buycnt"><span class="text text__buy">구매</span><span class="text text__num">1,334</span><span class="for-a11y">건</span></span></span><span class="box__itemcard-benefit-tag"><span class="box__tag box__tag-coupon"><span class="sprite__smilefresh--before box__inner">15% 쿠폰</span></span></span></a><button type="button" class="sprite__smilefresh--after button__favorite-item" aria-describedby="itemCard_title_2518443136" aria-pressed="false" aria-label="관심상품 등록하기"></button></div></div></div></div></li><li class="list-item"><div class="box__itemcard-container"><div class="box__itemcard-body"><div class="box__itemcard-inner"><span class="box__thumbnail__label">2개 사면 할인</span><a class="link__itemcard" href="https://item.gmarket.co.kr/Item?goodscode=2522264969" tabindex="-1" aria-hidden="true"><span class="box__itemcard-img"><img class="image__itemcard no-js-400?ver=1725100840" src="data:image/gif;base64,R0lGODlhAQABAIAAAP///wAAACH5BAEAAAAALAAAAAABAAEAAAICRAEAOw==" alt="진주햄 천하장사 더블링 콰트로치즈 400g - 상품 이미지"/><noscript><style>.no-js-400?ver=1725100840 { display: none !important; }</style><img class="image__itemcard" src="https://gdimg.gmarket.co.kr/2522264969/still/400?ver=1725100840" alt="진주햄 천하장사 더블링 콰트로치즈 400g - 상품 이미지"/></noscript></span></a><div class="box__itemcard-info"><div class="box__element-info"><div class="element-info-qty"><button aria-describedby="itemCard_title_2522264969" class="sprite__smilefresh--before element-info-qty-minus" aria-disabled="true"><span class="for-a11y">상품 수 <!-- -->1<!-- --> 감소</span></button><span class="element-info-item-qty" aria-describedby="itemCard_title_2522264969"><span class="for-a11y">선택된 수량</span> <!-- -->1</span><button aria-describedby="itemCard_title_2522264969" class="sprite__smilefresh--before element-info-qty-plus"><span class="for-a11y">상품 수 <!-- -->1<!-- --> 증가</span></button></div><button type="button" class="sprite__smilefresh--before element-info-cart" aria-describedby="itemCard_title_2522264969"><span class="for-a11y">장바구니 담기</span></button></div><a href="https://item.gmarket.co.kr/Item?goodscode=2522264969" class="link__itemcard-info"><span class="box__itemcard-title-area" id="itemCard_title_2522264969"><span class="text__brand"><span class="text">진주햄</span></span><span class="text__title" id="item_title">진주햄 천하장사 더블링 콰트로치즈 400g</span></span><span class="box__itemcard-price-area"><span class="box__price-seller"><span class="for-a11y">판매가</span><strong class="text__price-seller">9,980</strong><span class="text__unit">원</span></span><span class="box__prime-cost"><span class="for-a11y">원가</span><span class="text__unit-cost">(<!-- -->10g당 250원<!-- -->)</span></span></span><span class="box__itemcard-info-score"><span class="sprite__smilefresh--before box__score-awards"><span class="for-a11y">평점</span><span class="text text__score">4.7</span><span class="for-a11y">후기</span><span class="text text__num">(205)</span><span class="for-a11y">건</span></span><span class="box__score-buycnt"><span class="text text__buy">구매</span><span class="text text__num">1,139</span><span class="for-a11y">건</span></span></span><span class="box__itemcard-benefit-tag"><span class="box__tag box__tag-coupon"><span class="sprite__smilefresh--before box__inner">15% 쿠폰</span></span></span></a><button type="button" class="sprite__smilefresh--after button__favorite-item" aria-describedby="itemCard_title_2522264969" aria-pressed="false" aria-label="관심상품 등록하기"></button></div></div></div></div></li><li class="list-item"><div class="box__itemcard-container"><div class="box__itemcard-body"><div class="box__itemcard-inner"><span class="box__thumbnail__label">2개 사면 할인</span><a class="link__itemcard" href="https://item.gmarket.co.kr/Item?goodscode=2518596542" tabindex="-1" aria-hidden="true"><span class="box__itemcard-img"><img class="image__itemcard no-js-400?ver=1725092227" src="data:image/gif;base64,R0lGODlhAQABAIAAAP///wAAACH5BAEAAAAALAAAAAABAAEAAAICRAEAOw==" alt="유한덴탈케어 LX 이중미세모 5입 - 상품 이미지"/><noscript><style>.no-js-400?ver=1725092227 { display: none !important; }</style><img class="image__itemcard" src="https://gdimg.gmarket.co.kr/2518596542/still/400?ver=1725092227" alt="유한덴탈케어 LX 이중미세모 5입 - 상품 이미지"/></noscript></span></a><div class="box__itemcard-info"><div class="box__element-info"><div class="element-info-qty"><button aria-describedby="itemCard_title_2518596542" class="sprite__smilefresh--before element-info-qty-minus" aria-disabled="true"><span class="for-a11y">상품 수 <!-- -->1<!-- --> 감소</span></button><span class="element-info-item-qty" aria-describedby="itemCard_title_2518596542"><span class="for-a11y">선택된 수량</span> <!-- -->1</span><button aria-describedby="itemCard_title_2518596542" class="sprite__smilefresh--before element-info-qty-plus"><span class="for-a11y">상품 수 <!-- -->1<!-- --> 증가</span></button></div><button type="button" class="sprite__smilefresh--before element-info-cart" aria-describedby="itemCard_title_2518596542"><span class="for-a11y">장바구니 담기</span></button></div><a href="https://item.gmarket.co.kr/Item?goodscode=2518596542" class="link__itemcard-info"><span class="box__itemcard-title-area" id="itemCard_title_2518596542"><span class="text__brand"><span class="text">유한덴탈케어</span></span><span class="text__title" id="item_title">유한덴탈케어 LX 이중미세모 5입</span></span><span class="box__itemcard-price-area"><span class="box__price-seller"><span class="for-a11y">판매가</span><strong class="text__price-seller">10,900</strong><span class="text__unit">원</span></span></span><span class="box__itemcard-info-score"><span class="sprite__smilefresh--before box__score-awards"><span class="for-a11y">평점</span><span class="text text__score">4.7</span><span class="for-a11y">후기</span><span class="text text__num">(122)</span><span class="for-a11y">건</span></span><span class="box__score-buycnt"><span class="text text__buy">구매</span><span class="text text__num">807</span><span class="for-a11y">건</span></span></span><span class="box__itemcard-benefit-tag"><span class="box__tag box__tag-coupon"><span class="sprite__smilefresh--before box__inner">15% 쿠폰</span></span></span></a><button type="button" class="sprite__smilefresh--after button__favorite-item" aria-describedby="itemCard_title_2518596542" aria-pressed="false" aria-label="관심상품 등록하기"></button></div></div></div></div></li><li class="list-item"><div class="box__itemcard-container"><div class="box__itemcard-body"><div class="box__itemcard-inner"><span class="box__thumbnail__label">2개 사면 할인</span><a class="link__itemcard" href="https://item.gmarket.co.kr/Item?goodscode=2522811514" tabindex="-1" aria-hidden="true"><span class="box__itemcard-img"><img class="image__itemcard no-js-400?ver=1725105266" src="data:image/gif;base64,R0lGODlhAQABAIAAAP///wAAACH5BAEAAAAALAAAAAABAAEAAAICRAEAOw==" alt="스프라이트 1L - 상품 이미지"/><noscript><style>.no-js-400?ver=1725105266 { display: none !important; }</style><img class="image__itemcard" src="https://gdimg.gmarket.co.kr/2522811514/still/400?ver=1725105266" alt="스프라이트 1L - 상품 이미지"/></noscript></span></a><div class="box__itemcard-info"><div class="box__element-info"><div class="element-info-qty"><button aria-describedby="itemCard_title_2522811514" class="sprite__smilefresh--before element-info-qty-minus" aria-disabled="true"><span class="for-a11y">상품 수 <!-- -->1<!-- --> 감소</span></button><span class="element-info-item-qty" aria-describedby="itemCard_title_2522811514"><span class="for-a11y">선택된 수량</span> <!-- -->1</span><button aria-describedby="itemCard_title_2522811514" class="sprite__smilefresh--before element-info-qty-plus"><span class="for-a11y">상품 수 <!-- -->1<!-- --> 증가</span></button></div><button type="button" class="sprite__smilefresh--before element-info-cart" aria-describedby="itemCard_title_2522811514"><span class="for-a11y">장바구니 담기</span></button></div><a href="https://item.gmarket.co.kr/Item?goodscode=2522811514" class="link__itemcard-info"><span class="box__itemcard-title-area" id="itemCard_title_2522811514"><span class="text__brand"><span class="text">스프라이트</span></span><span class="text__title" id="item_title">스프라이트 1L</span></span><span class="box__itemcard-price-area"><span class="box__price-seller"><span class="for-a11y">판매가</span><strong class="text__price-seller">2,380</strong><span class="text__unit">원</span></span><span class="box__prime-cost"><span class="for-a11y">원가</span><span class="text__unit-cost">(<!-- -->100mL당 238원<!-- -->)</span></span></span><span class="box__itemcard-info-score"><span class="sprite__smilefresh--before box__score-awards"><span class="for-a11y">평점</span><span class="text text__score">4.8</span><span class="for-a11y">후기</span><span class="text text__num">(2,707)</span><span class="for-a11y">건</span></span><span class="box__score-buycnt"><span class="text text__buy">구매</span><span class="text text__num">17,889</span><span class="for-a11y">건</span></span></span><span class="box__itemcard-benefit-tag"><span class="box__tag box__tag-coupon"><span class="sprite__smilefresh--before box__inner">15% 쿠폰</span></span></span></a><button type="button" class="sprite__smilefresh--after button__favorite-item" aria-describedby="itemCard_title_2522811514" aria-pressed="false" aria-label="관심상품 등록하기"></button></div></div></div></div></li><li class="list-item"><div class="box__itemcard-container"><div class="box__itemcard-body"><div class="box__itemcard-inner"><a class="link__itemcard" href="https://item.gmarket.co.kr/Item?goodscode=2518505305" tabindex="-1" aria-hidden="true"><span class="box__itemcard-img"><img class="image__itemcard no-js-400?ver=1725088410" src="data:image/gif;base64,R0lGODlhAQABAIAAAP///wAAACH5BAEAAAAALAAAAAABAAEAAAICRAEAOw==" alt="뉴트로지나 딥클린 클렌징오일 200mL 블랙헤드 케어 - 상품 이미지"/><noscript><style>.no-js-400?ver=1725088410 { display: none !important; }</style><img class="image__itemcard" src="https://gdimg.gmarket.co.kr/2518505305/still/400?ver=1725088410" alt="뉴트로지나 딥클린 클렌징오일 200mL 블랙헤드 케어 - 상품 이미지"/></noscript></span></a><div class="box__itemcard-info"><div class="box__element-info"><div class="element-info-qty"><button aria-describedby="itemCard_title_2518505305" class="sprite__smilefresh--before element-info-qty-minus" aria-disabled="true"><span class="for-a11y">상품 수 <!-- -->1<!-- --> 감소</span></button><span class="element-info-item-qty" aria-describedby="itemCard_title_2518505305"><span class="for-a11y">선택된 수량</span> <!-- -->1</span><button aria-describedby="itemCard_title_2518505305" class="sprite__smilefresh--before element-info-qty-plus"><span class="for-a11y">상품 수 <!-- -->1<!-- --> 증가</span></button></div><button type="button" class="sprite__smilefresh--before element-info-cart" aria-describedby="itemCard_title_2518505305"><span class="for-a11y">장바구니 담기</span></button></div><a href="https://item.gmarket.co.kr/Item?goodscode=2518505305" class="link__itemcard-info"><span class="box__itemcard-title-area" id="itemCard_title_2518505305"><span class="text__brand"><span class="text">뉴트로지나</span></span><span class="text__title" id="item_title">뉴트로지나 딥클린 클렌징오일 200mL 블랙헤드 케어</span></span><span class="box__itemcard-price-area"><span class="box__price-seller"><span class="for-a11y">판매가</span><strong class="text__price-seller">12,900</strong><span class="text__unit">원</span></span><span class="box__prime-cost"><span class="for-a11y">원가</span><strong class="text__dc-rate">41<!-- -->%</strong><span class="text__prime-cost">21,900<span class="text__unit">원</span></span></span></span><span class="box__itemcard-info-score"><span class="sprite__smilefresh--before box__score-awards"><span class="for-a11y">평점</span><span class="text text__score">4.8</span><span class="for-a11y">후기</span><span class="text text__num">(241)</span><span class="for-a11y">건</span></span><span class="box__score-buycnt"><span class="text text__buy">구매</span><span class="text text__num">1,077</span><span class="for-a11y">건</span></span></span><span class="box__itemcard-benefit-tag"><span class="box__tag box__tag-coupon"><span class="sprite__smilefresh--before box__inner">15% 쿠폰</span></span></span></a><button type="button" class="sprite__smilefresh--after button__favorite-item" aria-describedby="itemCard_title_2518505305" aria-pressed="false" aria-label="관심상품 등록하기"></button></div></div></div></div></li><li class="list-item"><div class="box__itemcard-container"><div class="box__itemcard-body"><div class="box__itemcard-inner"><a class="link__itemcard" href="https://item.gmarket.co.kr/Item?goodscode=2518696039" tabindex="-1" aria-hidden="true"><span class="box__itemcard-img"><img class="image__itemcard no-js-400?ver=1725109584" src="data:image/gif;base64,R0lGODlhAQABAIAAAP///wAAACH5BAEAAAAALAAAAAABAAEAAAICRAEAOw==" alt="페리오 멀티케어 120g8 - 상품 이미지"/><noscript><style>.no-js-400?ver=1725109584 { display: none !important; }</style><img class="image__itemcard" src="https://gdimg.gmarket.co.kr/2518696039/still/400?ver=1725109584" alt="페리오 멀티케어 120g8 - 상품 이미지"/></noscript></span></a><div class="box__itemcard-info"><div class="box__element-info"><div class="element-info-qty"><button aria-describedby="itemCard_title_2518696039" class="sprite__smilefresh--before element-info-qty-minus" aria-disabled="true"><span class="for-a11y">상품 수 <!-- -->1<!-- --> 감소</span></button><span class="element-info-item-qty" aria-describedby="itemCard_title_2518696039"><span class="for-a11y">선택된 수량</span> <!-- -->1</span><button aria-describedby="itemCard_title_2518696039" class="sprite__smilefresh--before element-info-qty-plus"><span class="for-a11y">상품 수 <!-- -->1<!-- --> 증가</span></button></div><button type="button" class="sprite__smilefresh--before element-info-cart" aria-describedby="itemCard_title_2518696039"><span class="for-a11y">장바구니 담기</span></button></div><a href="https://item.gmarket.co.kr/Item?goodscode=2518696039" class="link__itemcard-info"><span class="box__itemcard-title-area" id="itemCard_title_2518696039"><span class="text__brand"><span class="text">페리오</span></span><span class="text__title" id="item_title">페리오 멀티케어 120g8</span></span><span class="box__itemcard-price-area"><span class="box__price-seller"><span class="for-a11y">판매가</span><strong class="text__price-seller">10,900</strong><span class="text__unit">원</span></span></span><span class="box__itemcard-info-score"><span class="sprite__smilefresh--before box__score-awards"><span class="for-a11y">평점</span><span class="text text__score">4.7</span><span class="for-a11y">후기</span><span class="text text__num">(1,137)</span><span class="for-a11y">건</span></span><span class="box__score-buycnt"><span class="text text__buy">구매</span><span class="text text__num">6,106</span><span class="for-a11y">건</span></span></span><span class="box__itemcard-benefit-tag"><span class="box__tag box__tag-coupon"><span class="sprite__smilefresh--before box__inner">15% 쿠폰</span></span></span></a><button type="button" class="sprite__smilefresh--after button__favorite-item" aria-describedby="itemCard_title_2518696039" aria-pressed="false" aria-label="관심상품 등록하기"></button></div></div></div></div></li><li class="list-item"><div class="box__itemcard-container"><div class="box__itemcard-body"><div class="box__itemcard-inner"><a class="link__itemcard" href="https://item.gmarket.co.kr/Item?goodscode=2523624256" tabindex="-1" aria-hidden="true"><span class="box__itemcard-img"><img class="image__itemcard no-js-400?ver=1725102621" src="data:image/gif;base64,R0lGODlhAQABAIAAAP///wAAACH5BAEAAAAALAAAAAABAAEAAAICRAEAOw==" alt="고메바삭튀겨낸 통등심돈카츠450g - 상품 이미지"/><noscript><style>.no-js-400?ver=1725102621 { display: none !important; }</style><img class="image__itemcard" src="https://gdimg.gmarket.co.kr/2523624256/still/400?ver=1725102621" alt="고메바삭튀겨낸 통등심돈카츠450g - 상품 이미지"/></noscript></span></a><div class="box__itemcard-info"><div class="box__element-info"><div class="element-info-qty"><button aria-describedby="itemCard_title_2523624256" class="sprite__smilefresh--before element-info-qty-minus" aria-disabled="true"><span class="for-a11y">상품 수 <!-- -->1<!-- --> 감소</span></button><span class="element-info-item-qty" aria-describedby="itemCard_title_2523624256"><span class="for-a11y">선택된 수량</span> <!-- -->1</span><button aria-describedby="itemCard_title_2523624256" class="sprite__smilefresh--before element-info-qty-plus"><span class="for-a11y">상품 수 <!-- -->1<!-- --> 증가</span></button></div><button type="button" class="sprite__smilefresh--before element-info-cart" aria-describedby="itemCard_title_2523624256"><span class="for-a11y">장바구니 담기</span></button></div><a href="https://item.gmarket.co.kr/Item?goodscode=2523624256" class="link__itemcard-info"><span class="box__itemcard-title-area" id="itemCard_title_2523624256"><span class="text__brand"><span class="text">고메</span></span><span class="text__title" id="item_title">고메바삭튀겨낸 통등심돈카츠450g</span></span><span class="box__itemcard-price-area"><span class="box__price-seller"><span class="for-a11y">판매가</span><strong class="text__price-seller">9,980</strong><span class="text__unit">원</span></span></span><span class="box__itemcard-info-score"><span class="sprite__smilefresh--before box__score-awards"><span class="for-a11y">평점</span><span class="text text__score">4.8</span><span class="for-a11y">후기</span><span class="text text__num">(847)</span><span class="for-a11y">건</span></span><span class="box__score-buycnt"><span class="text text__buy">구매</span><span class="text text__num">2,873</span><span class="for-a11y">건</span></span></span><span class="box__itemcard-benefit-tag"><span class="box__tag box__tag-coupon"><span class="sprite__smilefresh--before box__inner">15% 쿠폰</span></span></span></a><button type="button" class="sprite__smilefresh--after button__favorite-item" aria-describedby="itemCard_title_2523624256" aria-pressed="false" aria-label="관심상품 등록하기"></button></div></div></div></div></li><li class="list-item"><div class="box__itemcard-container"><div class="box__itemcard-body"><div class="box__itemcard-inner"><span class="box__thumbnail__label">2개 사면 할인</span><a class="link__itemcard" href="https://item.gmarket.co.kr/Item?goodscode=3101062172" tabindex="-1" aria-hidden="true"><span class="box__itemcard-img"><img class="image__itemcard no-js-400?ver=1725132802" src="data:image/gif;base64,R0lGODlhAQABAIAAAP///wAAACH5BAEAAAAALAAAAAABAAEAAAICRAEAOw==" alt="가그린 피치민트 750ml - 상품 이미지"/><noscript><style>.no-js-400?ver=1725132802 { display: none !important; }</style><img class="image__itemcard" src="https://gdimg.gmarket.co.kr/3101062172/still/400?ver=1725132802" alt="가그린 피치민트 750ml - 상품 이미지"/></noscript></span></a><div class="box__itemcard-info"><div class="box__element-info"><div class="element-info-qty"><button aria-describedby="itemCard_title_3101062172" class="sprite__smilefresh--before element-info-qty-minus" aria-disabled="true"><span class="for-a11y">상품 수 <!-- -->1<!-- --> 감소</span></button><span class="element-info-item-qty" aria-describedby="itemCard_title_3101062172"><span class="for-a11y">선택된 수량</span> <!-- -->1</span><button aria-describedby="itemCard_title_3101062172" class="sprite__smilefresh--before element-info-qty-plus"><span class="for-a11y">상품 수 <!-- -->1<!-- --> 증가</span></button></div><button type="button" class="sprite__smilefresh--before element-info-cart" aria-describedby="itemCard_title_3101062172"><span class="for-a11y">장바구니 담기</span></button></div><a href="https://item.gmarket.co.kr/Item?goodscode=3101062172" class="link__itemcard-info"><span class="box__itemcard-title-area" id="itemCard_title_3101062172"><span class="text__brand"><span class="text">가그린</span></span><span class="text__title" id="item_title">가그린 피치민트 750ml</span></span><span class="box__itemcard-price-area"><span class="box__price-seller"><span class="for-a11y">판매가</span><strong class="text__price-seller">8,700</strong><span class="text__unit">원</span></span></span><span class="box__itemcard-info-score"><span class="sprite__smilefresh--before box__score-awards"><span class="for-a11y">평점</span><span class="text text__score">4.9</span><span class="for-a11y">후기</span><span class="text text__num">(100)</span><span class="for-a11y">건</span></span><span class="box__score-buycnt"><span class="text text__buy">구매</span><span class="text text__num">370</span><span class="for-a11y">건</span></span></span><span class="box__itemcard-benefit-tag"><span class="box__tag box__tag-coupon"><span class="sprite__smilefresh--before box__inner">15% 쿠폰</span></span></span></a><button type="button" class="sprite__smilefresh--after button__favorite-item" aria-describedby="itemCard_title_3101062172" aria-pressed="false" aria-label="관심상품 등록하기"></button></div></div></div></div></li><li class="list-item"><div class="box__itemcard-container"><div class="box__itemcard-body"><div class="box__itemcard-inner"><a class="link__itemcard" href="https://item.gmarket.co.kr/Item?goodscode=2518596407" tabindex="-1" aria-hidden="true"><span class="box__itemcard-img"><img class="image__itemcard no-js-400?ver=1725260633" src="data:image/gif;base64,R0lGODlhAQABAIAAAP///wAAACH5BAEAAAAALAAAAAABAAEAAAICRAEAOw==" alt="롯데 키스틱 800g (400gx2입) - 상품 이미지"/><noscript><style>.no-js-400?ver=1725260633 { display: none !important; }</style><img class="image__itemcard" src="https://gdimg.gmarket.co.kr/2518596407/still/400?ver=1725260633" alt="롯데 키스틱 800g (400gx2입) - 상품 이미지"/></noscript></span></a><div class="box__itemcard-info"><div class="box__element-info"><div class="element-info-qty"><button aria-describedby="itemCard_title_2518596407" class="sprite__smilefresh--before element-info-qty-minus" aria-disabled="true"><span class="for-a11y">상품 수 <!-- -->1<!-- --> 감소</span></button><span class="element-info-item-qty" aria-describedby="itemCard_title_2518596407"><span class="for-a11y">선택된 수량</span> <!-- -->1</span><button aria-describedby="itemCard_title_2518596407" class="sprite__smilefresh--before element-info-qty-plus"><span class="for-a11y">상품 수 <!-- -->1<!-- --> 증가</span></button></div><button type="button" class="sprite__smilefresh--before element-info-cart" aria-describedby="itemCard_title_2518596407"><span class="for-a11y">장바구니 담기</span></button></div><a href="https://item.gmarket.co.kr/Item?goodscode=2518596407" class="link__itemcard-info"><span class="box__itemcard-title-area" id="itemCard_title_2518596407"><span class="text__brand"><span class="text">롯데햄</span></span><span class="text__title" id="item_title">롯데 키스틱 800g (400gx2입)</span></span><span class="box__itemcard-price-area"><span class="box__price-seller"><span class="for-a11y">판매가</span><strong class="text__price-seller">8,980</strong><span class="text__unit">원</span></span><span class="box__prime-cost"><span class="for-a11y">원가</span><span class="text__unit-cost">(<!-- -->10g당 112원<!-- -->)</span></span></span><span class="box__itemcard-info-score"><span class="sprite__smilefresh--before box__score-awards"><span class="for-a11y">평점</span><span class="text text__score">4.7</span><span class="for-a11y">후기</span><span class="text text__num">(451)</span><span class="for-a11y">건</span></span><span class="box__score-buycnt"><span class="text text__buy">구매</span><span class="text text__num">1,690</span><span class="for-a11y">건</span></span></span><span class="box__itemcard-benefit-tag"><span class="box__tag box__tag-coupon"><span class="sprite__smilefresh--before box__inner">15% 쿠폰</span></span></span></a><button type="button" class="sprite__smilefresh--after button__favorite-item" aria-describedby="itemCard_title_2518596407" aria-pressed="false" aria-label="관심상품 등록하기"></button></div></div></div></div></li><li class="list-item"><div class="box__itemcard-container"><div class="box__itemcard-body"><div class="box__itemcard-inner"><a class="link__itemcard" href="https://item.gmarket.co.kr/Item?goodscode=2518358903" tabindex="-1" aria-hidden="true"><span class="box__itemcard-img"><img class="image__itemcard no-js-400?ver=1725088037" src="data:image/gif;base64,R0lGODlhAQABAIAAAP///wAAACH5BAEAAAAALAAAAAABAAEAAAICRAEAOw==" alt="CJ 꼬마돈까스400g - 상품 이미지"/><noscript><style>.no-js-400?ver=1725088037 { display: none !important; }</style><img class="image__itemcard" src="https://gdimg.gmarket.co.kr/2518358903/still/400?ver=1725088037" alt="CJ 꼬마돈까스400g - 상품 이미지"/></noscript></span></a><div class="box__itemcard-info"><div class="box__element-info"><div class="element-info-qty"><button aria-describedby="itemCard_title_2518358903" class="sprite__smilefresh--before element-info-qty-minus" aria-disabled="true"><span class="for-a11y">상품 수 <!-- -->1<!-- --> 감소</span></button><span class="element-info-item-qty" aria-describedby="itemCard_title_2518358903"><span class="for-a11y">선택된 수량</span> <!-- -->1</span><button aria-describedby="itemCard_title_2518358903" class="sprite__smilefresh--before element-info-qty-plus"><span class="for-a11y">상품 수 <!-- -->1<!-- --> 증가</span></button></div><button type="button" class="sprite__smilefresh--before element-info-cart" aria-describedby="itemCard_title_2518358903"><span class="for-a11y">장바구니 담기</span></button></div><a href="https://item.gmarket.co.kr/Item?goodscode=2518358903" class="link__itemcard-info"><span class="box__itemcard-title-area" id="itemCard_title_2518358903"><span class="text__brand"><span class="text">CJ제일제당</span></span><span class="text__title" id="item_title">CJ 꼬마돈까스400g</span></span><span class="box__itemcard-price-area"><span class="box__price-seller"><span class="for-a11y">판매가</span><strong class="text__price-seller">4,970</strong><span class="text__unit">원</span></span></span><span class="box__itemcard-info-score"><span class="sprite__smilefresh--before box__score-awards"><span class="for-a11y">평점</span><span class="text text__score">4.8</span><span class="for-a11y">후기</span><span class="text text__num">(902)</span><span class="for-a11y">건</span></span><span class="box__score-buycnt"><span class="text text__buy">구매</span><span class="text text__num">4,911</span><span class="for-a11y">건</span></span></span><span class="box__itemcard-benefit-tag"><span class="box__tag box__tag-coupon"><span class="sprite__smilefresh--before box__inner">15% 쿠폰</span></span></span></a><button type="button" class="sprite__smilefresh--after button__favorite-item" aria-describedby="itemCard_title_2518358903" aria-pressed="false" aria-label="관심상품 등록하기"></button></div></div></div></div></li><li class="list-item"><div class="box__itemcard-container"><div class="box__itemcard-body"><div class="box__itemcard-inner"><a class="link__itemcard" href="https://item.gmarket.co.kr/Item?goodscode=2522660389" tabindex="-1" aria-hidden="true"><span class="box__itemcard-img"><img class="image__itemcard no-js-400?ver=1725102741" src="data:image/gif;base64,R0lGODlhAQABAIAAAP///wAAACH5BAEAAAAALAAAAAABAAEAAAICRAEAOw==" alt="니베아 맨 리커버리 쉐이빙폼 200ml3개입 - 상품 이미지"/><noscript><style>.no-js-400?ver=1725102741 { display: none !important; }</style><img class="image__itemcard" src="https://gdimg.gmarket.co.kr/2522660389/still/400?ver=1725102741" alt="니베아 맨 리커버리 쉐이빙폼 200ml3개입 - 상품 이미지"/></noscript></span></a><div class="box__itemcard-info"><div class="box__element-info"><div class="element-info-qty"><button aria-describedby="itemCard_title_2522660389" class="sprite__smilefresh--before element-info-qty-minus" aria-disabled="true"><span class="for-a11y">상품 수 <!-- -->1<!-- --> 감소</span></button><span class="element-info-item-qty" aria-describedby="itemCard_title_2522660389"><span class="for-a11y">선택된 수량</span> <!-- -->1</span><button aria-describedby="itemCard_title_2522660389" class="sprite__smilefresh--before element-info-qty-plus"><span class="for-a11y">상품 수 <!-- -->1<!-- --> 증가</span></button></div><button type="button" class="sprite__smilefresh--before element-info-cart" aria-describedby="itemCard_title_2522660389"><span class="for-a11y">장바구니 담기</span></button></div><a href="https://item.gmarket.co.kr/Item?goodscode=2522660389" class="link__itemcard-info"><span class="box__itemcard-title-area" id="itemCard_title_2522660389"><span class="text__brand"><span class="text">니베아</span></span><span class="text__title" id="item_title">니베아 맨 리커버리 쉐이빙폼 200ml3개입</span></span><span class="box__itemcard-price-area"><span class="box__price-seller"><span class="for-a11y">판매가</span><strong class="text__price-seller">10,900</strong><span class="text__unit">원</span></span></span><span class="box__itemcard-info-score"><span class="sprite__smilefresh--before box__score-awards"><span class="for-a11y">평점</span><span class="text text__score">4.8</span><span class="for-a11y">후기</span><span class="text text__num">(316)</span><span class="for-a11y">건</span></span><span class="box__score-buycnt"><span class="text text__buy">구매</span><span class="text text__num">1,232</span><span class="for-a11y">건</span></span></span><span class="box__itemcard-benefit-tag"><span class="box__tag box__tag-coupon"><span class="sprite__smilefresh--before box__inner">15% 쿠폰</span></span></span></a><button type="button" class="sprite__smilefresh--after button__favorite-item" aria-describedby="itemCard_title_2522660389" aria-pressed="false" aria-label="관심상품 등록하기"></button></div></div></div></div></li><li class="list-item"><div class="box__itemcard-container"><div class="box__itemcard-body"><div class="box__itemcard-inner"><a class="link__itemcard" href="https://item.gmarket.co.kr/Item?goodscode=3579231867" tabindex="-1" aria-hidden="true"><span class="box__itemcard-img"><img class="image__itemcard no-js-400?ver=1725139825" src="data:image/gif;base64,R0lGODlhAQABAIAAAP///wAAACH5BAEAAAAALAAAAAABAAEAAAICRAEAOw==" alt="오리온 아이셔츄 192g (48g4입) - 상품 이미지"/><noscript><style>.no-js-400?ver=1725139825 { display: none !important; }</style><img class="image__itemcard" src="https://gdimg.gmarket.co.kr/3579231867/still/400?ver=1725139825" alt="오리온 아이셔츄 192g (48g4입) - 상품 이미지"/></noscript></span></a><div class="box__itemcard-info"><div class="box__element-info"><div class="element-info-qty"><button aria-describedby="itemCard_title_3579231867" class="sprite__smilefresh--before element-info-qty-minus" aria-disabled="true"><span class="for-a11y">상품 수 <!-- -->1<!-- --> 감소</span></button><span class="element-info-item-qty" aria-describedby="itemCard_title_3579231867"><span class="for-a11y">선택된 수량</span> <!-- -->1</span><button aria-describedby="itemCard_title_3579231867" class="sprite__smilefresh--before element-info-qty-plus"><span class="for-a11y">상품 수 <!-- -->1<!-- --> 증가</span></button></div><button type="button" class="sprite__smilefresh--before element-info-cart" aria-describedby="itemCard_title_3579231867"><span class="for-a11y">장바구니 담기</span></button></div><a href="https://item.gmarket.co.kr/Item?goodscode=3579231867" class="link__itemcard-info"><span class="box__itemcard-title-area" id="itemCard_title_3579231867"><span class="text__brand"><span class="text">오리온</span></span><span class="text__title" id="item_title">오리온 아이셔츄 192g (48g4입)</span></span><span class="box__itemcard-price-area"><span class="box__price-seller"><span class="for-a11y">판매가</span><strong class="text__price-seller">2,980</strong><span class="text__unit">원</span></span></span><span class="box__itemcard-info-score"><span class="sprite__smilefresh--before box__score-awards"><span class="for-a11y">평점</span><span class="text text__score">4.8</span><span class="for-a11y">후기</span><span class="text text__num">(158)</span><span class="for-a11y">건</span></span><span class="box__score-buycnt"><span class="text text__buy">구매</span><span class="text text__num">665</span><span class="for-a11y">건</span></span></span><span class="box__itemcard-benefit-tag"><span class="box__tag box__tag-coupon"><span class="sprite__smilefresh--before box__inner">15% 쿠폰</span></span></span></a><button type="button" class="sprite__smilefresh--after button__favorite-item" aria-describedby="itemCard_title_3579231867" aria-pressed="false" aria-label="관심상품 등록하기"></button></div></div></div></div></li><li class="list-item"><div class="box__itemcard-container"><div class="box__itemcard-body"><div class="box__itemcard-inner"><a class="link__itemcard" href="https://item.gmarket.co.kr/Item?goodscode=2523431589" tabindex="-1" aria-hidden="true"><span class="box__itemcard-img"><img class="image__itemcard no-js-400?ver=1725100091" src="data:image/gif;base64,R0lGODlhAQABAIAAAP///wAAACH5BAEAAAAALAAAAAABAAEAAAICRAEAOw==" alt="맑은물에 국산콩 촌두부 550g - 상품 이미지"/><noscript><style>.no-js-400?ver=1725100091 { display: none !important; }</style><img class="image__itemcard" src="https://gdimg.gmarket.co.kr/2523431589/still/400?ver=1725100091" alt="맑은물에 국산콩 촌두부 550g - 상품 이미지"/></noscript></span></a><div class="box__itemcard-info"><div class="box__element-info"><div class="element-info-qty"><button aria-describedby="itemCard_title_2523431589" class="sprite__smilefresh--before element-info-qty-minus" aria-disabled="true"><span class="for-a11y">상품 수 <!-- -->1<!-- --> 감소</span></button><span class="element-info-item-qty" aria-describedby="itemCard_title_2523431589"><span class="for-a11y">선택된 수량</span> <!-- -->1</span><button aria-describedby="itemCard_title_2523431589" class="sprite__smilefresh--before element-info-qty-plus"><span class="for-a11y">상품 수 <!-- -->1<!-- --> 증가</span></button></div><button type="button" class="sprite__smilefresh--before element-info-cart" aria-describedby="itemCard_title_2523431589"><span class="for-a11y">장바구니 담기</span></button></div><a href="https://item.gmarket.co.kr/Item?goodscode=2523431589" class="link__itemcard-info"><span class="box__itemcard-title-area" id="itemCard_title_2523431589"><span class="text__title" id="item_title">맑은물에 국산콩 촌두부 550g</span></span><span class="box__itemcard-price-area"><span class="box__price-seller"><span class="for-a11y">판매가</span><strong class="text__price-seller">3,700</strong><span class="text__unit">원</span></span></span><span class="box__itemcard-info-score"><span class="sprite__smilefresh--before box__score-awards"><span class="for-a11y">평점</span><span class="text text__score">4.7</span><span class="for-a11y">후기</span><span class="text text__num">(2,501)</span><span class="for-a11y">건</span></span><span class="box__score-buycnt"><span class="text text__buy">구매</span><span class="text text__num">9,150</span><span class="for-a11y">건</span></span></span><span class="box__itemcard-benefit-tag"><span class="box__tag box__tag-coupon"><span class="sprite__smilefresh--before box__inner">15% 쿠폰</span></span></span></a><button type="button" class="sprite__smilefresh--after button__favorite-item" aria-describedby="itemCard_title_2523431589" aria-pressed="false" aria-label="관심상품 등록하기"></button></div></div></div></div></li><li class="list-item"><div class="box__itemcard-container"><div class="box__itemcard-body"><div class="box__itemcard-inner"><span class="box__thumbnail__label">2개 사면 할인</span><a class="link__itemcard" href="https://item.gmarket.co.kr/Item?goodscode=2523419766" tabindex="-1" aria-hidden="true"><span class="box__itemcard-img"><img class="image__itemcard no-js-400?ver=1725117047" src="data:image/gif;base64,R0lGODlhAQABAIAAAP///wAAACH5BAEAAAAALAAAAAABAAEAAAICRAEAOw==" alt="진주햄 천하장사 더블링 뿌링치즈 400g - 상품 이미지"/><noscript><style>.no-js-400?ver=1725117047 { display: none !important; }</style><img class="image__itemcard" src="https://gdimg.gmarket.co.kr/2523419766/still/400?ver=1725117047" alt="진주햄 천하장사 더블링 뿌링치즈 400g - 상품 이미지"/></noscript></span></a><div class="box__itemcard-info"><div class="box__element-info"><div class="element-info-qty"><button aria-describedby="itemCard_title_2523419766" class="sprite__smilefresh--before element-info-qty-minus" aria-disabled="true"><span class="for-a11y">상품 수 <!-- -->1<!-- --> 감소</span></button><span class="element-info-item-qty" aria-describedby="itemCard_title_2523419766"><span class="for-a11y">선택된 수량</span> <!-- -->1</span><button aria-describedby="itemCard_title_2523419766" class="sprite__smilefresh--before element-info-qty-plus"><span class="for-a11y">상품 수 <!-- -->1<!-- --> 증가</span></button></div><button type="button" class="sprite__smilefresh--before element-info-cart" aria-describedby="itemCard_title_2523419766"><span class="for-a11y">장바구니 담기</span></button></div><a href="https://item.gmarket.co.kr/Item?goodscode=2523419766" class="link__itemcard-info"><span class="box__itemcard-title-area" id="itemCard_title_2523419766"><span class="text__brand"><span class="text">진주햄</span></span><span class="text__title" id="item_title">진주햄 천하장사 더블링 뿌링치즈 400g</span></span><span class="box__itemcard-price-area"><span class="box__price-seller"><span class="for-a11y">판매가</span><strong class="text__price-seller">10,800</strong><span class="text__unit">원</span></span><span class="box__prime-cost"><span class="for-a11y">원가</span><span class="text__unit-cost">(<!-- -->10g당 270원<!-- -->)</span></span></span><span class="box__itemcard-info-score"><span class="sprite__smilefresh--before box__score-awards"><span class="for-a11y">평점</span><span class="text text__score">4.8</span><span class="for-a11y">후기</span><span class="text text__num">(177)</span><span class="for-a11y">건</span></span><span class="box__score-buycnt"><span class="text text__buy">구매</span><span class="text text__num">668</span><span class="for-a11y">건</span></span></span><span class="box__itemcard-benefit-tag"><span class="box__tag box__tag-coupon"><span class="sprite__smilefresh--before box__inner">15% 쿠폰</span></span></span></a><button type="button" class="sprite__smilefresh--after button__favorite-item" aria-describedby="itemCard_title_2523419766" aria-pressed="false" aria-label="관심상품 등록하기"></button></div></div></div></div></li><li class="list-item"><div class="box__itemcard-container"><div class="box__itemcard-body"><div class="box__itemcard-inner"><span class="box__thumbnail__label">2개 사면 할인</span><a class="link__itemcard" href="https://item.gmarket.co.kr/Item?goodscode=2519409327" tabindex="-1" aria-hidden="true"><span class="box__itemcard-img"><img class="image__itemcard no-js-400?ver=1725124352" src="data:image/gif;base64,R0lGODlhAQABAIAAAP///wAAACH5BAEAAAAALAAAAAABAAEAAAICRAEAOw==" alt="스프라이트 제로 1L - 상품 이미지"/><noscript><style>.no-js-400?ver=1725124352 { display: none !important; }</style><img class="image__itemcard" src="https://gdimg.gmarket.co.kr/2519409327/still/400?ver=1725124352" alt="스프라이트 제로 1L - 상품 이미지"/></noscript></span></a><div class="box__itemcard-info"><div class="box__element-info"><div class="element-info-qty"><button aria-describedby="itemCard_title_2519409327" class="sprite__smilefresh--before element-info-qty-minus" aria-disabled="true"><span class="for-a11y">상품 수 <!-- -->1<!-- --> 감소</span></button><span class="element-info-item-qty" aria-describedby="itemCard_title_2519409327"><span class="for-a11y">선택된 수량</span> <!-- -->1</span><button aria-describedby="itemCard_title_2519409327" class="sprite__smilefresh--before element-info-qty-plus"><span class="for-a11y">상품 수 <!-- -->1<!-- --> 증가</span></button></div><button type="button" class="sprite__smilefresh--before element-info-cart" aria-describedby="itemCard_title_2519409327"><span class="for-a11y">장바구니 담기</span></button></div><a href="https://item.gmarket.co.kr/Item?goodscode=2519409327" class="link__itemcard-info"><span class="box__itemcard-title-area" id="itemCard_title_2519409327"><span class="text__brand"><span class="text">스프라이트 제로</span></span><span class="text__title" id="item_title">스프라이트 제로 1L</span></span><span class="box__itemcard-price-area"><span class="box__price-seller"><span class="for-a11y">판매가</span><strong class="text__price-seller">2,380</strong><span class="text__unit">원</span></span><span class="box__prime-cost"><span class="for-a11y">원가</span><span class="text__unit-cost">(<!-- -->100mL당 238원<!-- -->)</span></span></span><span class="box__itemcard-info-score"><span class="sprite__smilefresh--before box__score-awards"><span class="for-a11y">평점</span><span class="text text__score">4.7</span><span class="for-a11y">후기</span><span class="text text__num">(1,684)</span><span class="for-a11y">건</span></span><span class="box__score-buycnt"><span class="text text__buy">구매</span><span class="text text__num">14,046</span><span class="for-a11y">건</span></span></span><span class="box__itemcard-benefit-tag"><span class="box__tag box__tag-coupon"><span class="sprite__smilefresh--before box__inner">15% 쿠폰</span></span></span></a><button type="button" class="sprite__smilefresh--after button__favorite-item" aria-describedby="itemCard_title_2519409327" aria-pressed="false" aria-label="관심상품 등록하기"></button></div></div></div></div></li><li class="list-item"><div class="box__itemcard-container"><div class="box__itemcard-body"><div class="box__itemcard-inner"><a class="link__itemcard" href="https://item.gmarket.co.kr/Item?goodscode=2523159808" tabindex="-1" aria-hidden="true"><span class="box__itemcard-img"><img class="image__itemcard no-js-400?ver=1725123102" src="data:image/gif;base64,R0lGODlhAQABAIAAAP///wAAACH5BAEAAAAALAAAAAABAAEAAAICRAEAOw==" alt="사포리 디 포지타노 레몬맛캔디 500g - 상품 이미지"/><noscript><style>.no-js-400?ver=1725123102 { display: none !important; }</style><img class="image__itemcard" src="https://gdimg.gmarket.co.kr/2523159808/still/400?ver=1725123102" alt="사포리 디 포지타노 레몬맛캔디 500g - 상품 이미지"/></noscript></span></a><div class="box__itemcard-info"><div class="box__element-info"><div class="element-info-qty"><button aria-describedby="itemCard_title_2523159808" class="sprite__smilefresh--before element-info-qty-minus" aria-disabled="true"><span class="for-a11y">상품 수 <!-- -->1<!-- --> 감소</span></button><span class="element-info-item-qty" aria-describedby="itemCard_title_2523159808"><span class="for-a11y">선택된 수량</span> <!-- -->1</span><button aria-describedby="itemCard_title_2523159808" class="sprite__smilefresh--before element-info-qty-plus"><span class="for-a11y">상품 수 <!-- -->1<!-- --> 증가</span></button></div><button type="button" class="sprite__smilefresh--before element-info-cart" aria-describedby="itemCard_title_2523159808"><span class="for-a11y">장바구니 담기</span></button></div><a href="https://item.gmarket.co.kr/Item?goodscode=2523159808" class="link__itemcard-info"><span class="box__itemcard-title-area" id="itemCard_title_2523159808"><span class="text__brand"><span class="text">사포리디포지타노</span></span><span class="text__title" id="item_title">사포리 디 포지타노 레몬맛캔디 500g</span></span><span class="box__itemcard-price-area"><span class="box__price-seller"><span class="for-a11y">판매가</span><strong class="text__price-seller">15,800</strong><span class="text__unit">원</span></span></span><span class="box__itemcard-info-score"><span class="sprite__smilefresh--before box__score-awards"><span class="for-a11y">평점</span><span class="text text__score">4.9</span><span class="for-a11y">후기</span><span class="text text__num">(259)</span><span class="for-a11y">건</span></span><span class="box__score-buycnt"><span class="text text__buy">구매</span><span class="text text__num">762</span><span class="for-a11y">건</span></span></span><span class="box__itemcard-benefit-tag"><span class="box__tag box__tag-coupon"><span class="sprite__smilefresh--before box__inner">15% 쿠폰</span></span></span></a><button type="button" class="sprite__smilefresh--after button__favorite-item" aria-describedby="itemCard_title_2523159808" aria-pressed="false" aria-label="관심상품 등록하기"></button></div></div></div></div></li><li class="list-item"><div class="box__itemcard-container"><div class="box__itemcard-body"><div class="box__itemcard-inner"><span class="box__thumbnail__label">2개 사면 할인</span><a class="link__itemcard" href="https://item.gmarket.co.kr/Item?goodscode=2522424800" tabindex="-1" aria-hidden="true"><span class="box__itemcard-img"><img class="image__itemcard no-js-400?ver=1725101430" src="data:image/gif;base64,R0lGODlhAQABAIAAAP///wAAACH5BAEAAAAALAAAAAABAAEAAAICRAEAOw==" alt="폰즈클리어 훼이스 스파 립아이 리무버 120ml - 상품 이미지"/><noscript><style>.no-js-400?ver=1725101430 { display: none !important; }</style><img class="image__itemcard" src="https://gdimg.gmarket.co.kr/2522424800/still/400?ver=1725101430" alt="폰즈클리어 훼이스 스파 립아이 리무버 120ml - 상품 이미지"/></noscript></span></a><div class="box__itemcard-info"><div class="box__element-info"><div class="element-info-qty"><button aria-describedby="itemCard_title_2522424800" class="sprite__smilefresh--before element-info-qty-minus" aria-disabled="true"><span class="for-a11y">상품 수 <!-- -->1<!-- --> 감소</span></button><span class="element-info-item-qty" aria-describedby="itemCard_title_2522424800"><span class="for-a11y">선택된 수량</span> <!-- -->1</span><button aria-describedby="itemCard_title_2522424800" class="sprite__smilefresh--before element-info-qty-plus"><span class="for-a11y">상품 수 <!-- -->1<!-- --> 증가</span></button></div><button type="button" class="sprite__smilefresh--before element-info-cart" aria-describedby="itemCard_title_2522424800"><span class="for-a11y">장바구니 담기</span></button></div><a href="https://item.gmarket.co.kr/Item?goodscode=2522424800" class="link__itemcard-info"><span class="box__itemcard-title-area" id="itemCard_title_2522424800"><span class="text__brand"><span class="text">폰즈</span></span><span class="text__title" id="item_title">폰즈클리어 훼이스 스파 립아이 리무버 120ml</span></span><span class="box__itemcard-price-area"><span class="box__price-seller"><span class="for-a11y">판매가</span><strong class="text__price-seller">10,900</strong><span class="text__unit">원</span></span></span><span class="box__itemcard-info-score"><span class="sprite__smilefresh--before box__score-awards"><span class="for-a11y">평점</span><span class="text text__score">4.8</span><span class="for-a11y">후기</span><span class="text text__num">(67)</span><span class="for-a11y">건</span></span><span class="box__score-buycnt"><span class="text text__buy">구매</span><span class="text text__num">273</span><span class="for-a11y">건</span></span></span><span class="box__itemcard-benefit-tag"><span class="box__tag box__tag-coupon"><span class="sprite__smilefresh--before box__inner">15% 쿠폰</span></span></span></a><button type="button" class="sprite__smilefresh--after button__favorite-item" aria-describedby="itemCard_title_2522424800" aria-pressed="false" aria-label="관심상품 등록하기"></button></div></div></div></div></li><li class="list-item"><div class="box__itemcard-container"><div class="box__itemcard-body"><div class="box__itemcard-inner"><a class="link__itemcard" href="https://item.gmarket.co.kr/Item?goodscode=2518541006" tabindex="-1" aria-hidden="true"><span class="box__itemcard-img"><img class="image__itemcard no-js-400?ver=1725088001" src="data:image/gif;base64,R0lGODlhAQABAIAAAP///wAAACH5BAEAAAAALAAAAAABAAEAAAICRAEAOw==" alt="동원 소와나무슬라이스 치즈 54g - 상품 이미지"/><noscript><style>.no-js-400?ver=1725088001 { display: none !important; }</style><img class="image__itemcard" src="https://gdimg.gmarket.co.kr/2518541006/still/400?ver=1725088001" alt="동원 소와나무슬라이스 치즈 54g - 상품 이미지"/></noscript></span></a><div class="box__itemcard-info"><div class="box__element-info"><div class="element-info-qty"><button aria-describedby="itemCard_title_2518541006" class="sprite__smilefresh--before element-info-qty-minus" aria-disabled="true"><span class="for-a11y">상품 수 <!-- -->1<!-- --> 감소</span></button><span class="element-info-item-qty" aria-describedby="itemCard_title_2518541006"><span class="for-a11y">선택된 수량</span> <!-- -->1</span><button aria-describedby="itemCard_title_2518541006" class="sprite__smilefresh--before element-info-qty-plus"><span class="for-a11y">상품 수 <!-- -->1<!-- --> 증가</span></button></div><button type="button" class="sprite__smilefresh--before element-info-cart" aria-describedby="itemCard_title_2518541006"><span class="for-a11y">장바구니 담기</span></button></div><a href="https://item.gmarket.co.kr/Item?goodscode=2518541006" class="link__itemcard-info"><span class="box__itemcard-title-area" id="itemCard_title_2518541006"><span class="text__brand"><span class="text">동원</span></span><span class="text__title" id="item_title">동원 소와나무슬라이스 치즈 54g</span></span><span class="box__itemcard-price-area"><span class="box__price-seller"><span class="for-a11y">판매가</span><strong class="text__price-seller">1,280</strong><span class="text__unit">원</span></span><span class="box__prime-cost"><span class="for-a11y">원가</span><span class="text__unit-cost">(<!-- -->10g당 237원<!-- -->)</span></span></span><span class="box__itemcard-info-score"><span class="sprite__smilefresh--before box__score-awards"><span class="for-a11y">평점</span><span class="text text__score">4.7</span><span class="for-a11y">후기</span><span class="text text__num">(766)</span><span class="for-a11y">건</span></span><span class="box__score-buycnt"><span class="text text__buy">구매</span><span class="text text__num">3,051</span><span class="for-a11y">건</span></span></span><span class="box__itemcard-benefit-tag"><span class="box__tag box__tag-coupon"><span class="sprite__smilefresh--before box__inner">15% 쿠폰</span></span></span></a><button type="button" class="sprite__smilefresh--after button__favorite-item" aria-describedby="itemCard_title_2518541006" aria-pressed="false" aria-label="관심상품 등록하기"></button></div></div></div></div></li><li class="list-item"><div class="box__itemcard-container"><div class="box__itemcard-body"><div class="box__itemcard-inner"><span class="box__thumbnail__label">2개 사면 할인</span><a class="link__itemcard" href="https://item.gmarket.co.kr/Item?goodscode=3693835396" tabindex="-1" aria-hidden="true"><span class="box__itemcard-img"><img class="image__itemcard no-js-400?ver=1725141805" src="data:image/gif;base64,R0lGODlhAQABAIAAAP///wAAACH5BAEAAAAALAAAAAABAAEAAAICRAEAOw==" alt="환타제로 파인 1L - 상품 이미지"/><noscript><style>.no-js-400?ver=1725141805 { display: none !important; }</style><img class="image__itemcard" src="https://gdimg.gmarket.co.kr/3693835396/still/400?ver=1725141805" alt="환타제로 파인 1L - 상품 이미지"/></noscript></span></a><div class="box__itemcard-info"><div class="box__element-info"><div class="element-info-qty"><button aria-describedby="itemCard_title_3693835396" class="sprite__smilefresh--before element-info-qty-minus" aria-disabled="true"><span class="for-a11y">상품 수 <!-- -->1<!-- --> 감소</span></button><span class="element-info-item-qty" aria-describedby="itemCard_title_3693835396"><span class="for-a11y">선택된 수량</span> <!-- -->1</span><button aria-describedby="itemCard_title_3693835396" class="sprite__smilefresh--before element-info-qty-plus"><span class="for-a11y">상품 수 <!-- -->1<!-- --> 증가</span></button></div><button type="button" class="sprite__smilefresh--before element-info-cart" aria-describedby="itemCard_title_3693835396"><span class="for-a11y">장바구니 담기</span></button></div><a href="https://item.gmarket.co.kr/Item?goodscode=3693835396" class="link__itemcard-info"><span class="box__itemcard-title-area" id="itemCard_title_3693835396"><span class="text__brand"><span class="text">환타</span></span><span class="text__title" id="item_title">환타제로 파인 1L</span></span><span class="box__itemcard-price-area"><span class="box__price-seller"><span class="for-a11y">판매가</span><strong class="text__price-seller">2,380</strong><span class="text__unit">원</span></span><span class="box__prime-cost"><span class="for-a11y">원가</span><span class="text__unit-cost">(<!-- -->100mL당 238원<!-- -->)</span></span></span><span class="box__itemcard-info-score"><span class="sprite__smilefresh--before box__score-awards"><span class="for-a11y">평점</span><span class="text text__score">4.7</span><span class="for-a11y">후기</span><span class="text text__num">(147)</span><span class="for-a11y">건</span></span><span class="box__score-buycnt"><span class="text text__buy">구매</span><span class="text text__num">806</span><span class="for-a11y">건</span></span></span><span class="box__itemcard-benefit-tag"><span class="box__tag box__tag-coupon"><span class="sprite__smilefresh--before box__inner">15% 쿠폰</span></span></span></a><button type="button" class="sprite__smilefresh--after button__favorite-item" aria-describedby="itemCard_title_3693835396" aria-pressed="false" aria-label="관심상품 등록하기"></button></div></div></div></div></li><li class="list-item"><div class="box__itemcard-container"><div class="box__itemcard-body"><div class="box__itemcard-inner"><a class="link__itemcard" href="https://item.gmarket.co.kr/Item?goodscode=2518442977" tabindex="-1" aria-hidden="true"><span class="box__itemcard-img"><img class="image__itemcard no-js-400?ver=1725092696" src="data:image/gif;base64,R0lGODlhAQABAIAAAP///wAAACH5BAEAAAAALAAAAAABAAEAAAICRAEAOw==" alt="풀무원 국산콩 연두부 250g - 상품 이미지"/><noscript><style>.no-js-400?ver=1725092696 { display: none !important; }</style><img class="image__itemcard" src="https://gdimg.gmarket.co.kr/2518442977/still/400?ver=1725092696" alt="풀무원 국산콩 연두부 250g - 상품 이미지"/></noscript></span></a><div class="box__itemcard-info"><div class="box__element-info"><div class="element-info-qty"><button aria-describedby="itemCard_title_2518442977" class="sprite__smilefresh--before element-info-qty-minus" aria-disabled="true"><span class="for-a11y">상품 수 <!-- -->1<!-- --> 감소</span></button><span class="element-info-item-qty" aria-describedby="itemCard_title_2518442977"><span class="for-a11y">선택된 수량</span> <!-- -->1</span><button aria-describedby="itemCard_title_2518442977" class="sprite__smilefresh--before element-info-qty-plus"><span class="for-a11y">상품 수 <!-- -->1<!-- --> 증가</span></button></div><button type="button" class="sprite__smilefresh--before element-info-cart" aria-describedby="itemCard_title_2518442977"><span class="for-a11y">장바구니 담기</span></button></div><a href="https://item.gmarket.co.kr/Item?goodscode=2518442977" class="link__itemcard-info"><span class="box__itemcard-title-area" id="itemCard_title_2518442977"><span class="text__brand"><span class="text">풀무원</span></span><span class="text__title" id="item_title">풀무원 국산콩 연두부 250g</span></span><span class="box__itemcard-price-area"><span class="box__price-seller"><span class="for-a11y">판매가</span><strong class="text__price-seller">1,950</strong><span class="text__unit">원</span></span></span><span class="box__itemcard-info-score"><span class="sprite__smilefresh--before box__score-awards"><span class="for-a11y">평점</span><span class="text text__score">4.7</span><span class="for-a11y">후기</span><span class="text text__num">(478)</span><span class="for-a11y">건</span></span><span class="box__score-buycnt"><span class="text text__buy">구매</span><span class="text text__num">2,672</span><span class="for-a11y">건</span></span></span><span class="box__itemcard-benefit-tag"><span class="box__tag box__tag-coupon"><span class="sprite__smilefresh--before box__inner">15% 쿠폰</span></span></span></a><button type="button" class="sprite__smilefresh--after button__favorite-item" aria-describedby="itemCard_title_2518442977" aria-pressed="false" aria-label="관심상품 등록하기"></button></div></div></div></div></li><li class="list-item"><div class="box__itemcard-container"><div class="box__itemcard-body"><div class="box__itemcard-inner"><span class="box__thumbnail__label">2개 사면 할인</span><a class="link__itemcard" href="https://item.gmarket.co.kr/Item?goodscode=2537363043" tabindex="-1" aria-hidden="true"><span class="box__itemcard-img"><img class="image__itemcard no-js-400?ver=1725092401" src="data:image/gif;base64,R0lGODlhAQABAIAAAP///wAAACH5BAEAAAAALAAAAAABAAEAAAICRAEAOw==" alt="2080 파워쉴드 블루더블민트치약 (120g3입) - 상품 이미지"/><noscript><style>.no-js-400?ver=1725092401 { display: none !important; }</style><img class="image__itemcard" src="https://gdimg.gmarket.co.kr/2537363043/still/400?ver=1725092401" alt="2080 파워쉴드 블루더블민트치약 (120g3입) - 상품 이미지"/></noscript></span></a><div class="box__itemcard-info"><div class="box__element-info"><div class="element-info-qty"><button aria-describedby="itemCard_title_2537363043" class="sprite__smilefresh--before element-info-qty-minus" aria-disabled="true"><span class="for-a11y">상품 수 <!-- -->1<!-- --> 감소</span></button><span class="element-info-item-qty" aria-describedby="itemCard_title_2537363043"><span class="for-a11y">선택된 수량</span> <!-- -->1</span><button aria-describedby="itemCard_title_2537363043" class="sprite__smilefresh--before element-info-qty-plus"><span class="for-a11y">상품 수 <!-- -->1<!-- --> 증가</span></button></div><button type="button" class="sprite__smilefresh--before element-info-cart" aria-describedby="itemCard_title_2537363043"><span class="for-a11y">장바구니 담기</span></button></div><a href="https://item.gmarket.co.kr/Item?goodscode=2537363043" class="link__itemcard-info"><span class="box__itemcard-title-area" id="itemCard_title_2537363043"><span class="text__brand"><span class="text">애경</span></span><span class="text__title" id="item_title">2080 파워쉴드 블루더블민트치약 (120g3입)</span></span><span class="box__itemcard-price-area"><span class="box__price-seller"><span class="for-a11y">판매가</span><strong class="text__price-seller">9,900</strong><span class="text__unit">원</span></span></span><span class="box__itemcard-info-score"><span class="sprite__smilefresh--before box__score-awards"><span class="for-a11y">평점</span><span class="text text__score">4.7</span><span class="for-a11y">후기</span><span class="text text__num">(74)</span><span class="for-a11y">건</span></span><span class="box__score-buycnt"><span class="text text__buy">구매</span><span class="text text__num">360</span><span class="for-a11y">건</span></span></span><span class="box__itemcard-benefit-tag"><span class="box__tag box__tag-coupon"><span class="sprite__smilefresh--before box__inner">15% 쿠폰</span></span></span></a><button type="button" class="sprite__smilefresh--after button__favorite-item" aria-describedby="itemCard_title_2537363043" aria-pressed="false" aria-label="관심상품 등록하기"></button></div></div></div></div></li><li class="list-item"><div class="box__itemcard-container"><div class="box__itemcard-body"><div class="box__itemcard-inner"><span class="box__thumbnail__label">3개 사면 할인</span><a class="link__itemcard" href="https://item.gmarket.co.kr/Item?goodscode=2518499495" tabindex="-1" aria-hidden="true"><span class="box__itemcard-img"><img class="image__itemcard no-js-400?ver=1725092715" src="data:image/gif;base64,R0lGODlhAQABAIAAAP///wAAACH5BAEAAAAALAAAAAABAAEAAAICRAEAOw==" alt="펩시콜라 600ml - 상품 이미지"/><noscript><style>.no-js-400?ver=1725092715 { display: none !important; }</style><img class="image__itemcard" src="https://gdimg.gmarket.co.kr/2518499495/still/400?ver=1725092715" alt="펩시콜라 600ml - 상품 이미지"/></noscript></span></a><div class="box__itemcard-info"><div class="box__element-info"><div class="element-info-qty"><button aria-describedby="itemCard_title_2518499495" class="sprite__smilefresh--before element-info-qty-minus" aria-disabled="true"><span class="for-a11y">상품 수 <!-- -->1<!-- --> 감소</span></button><span class="element-info-item-qty" aria-describedby="itemCard_title_2518499495"><span class="for-a11y">선택된 수량</span> <!-- -->1</span><button aria-describedby="itemCard_title_2518499495" class="sprite__smilefresh--before element-info-qty-plus"><span class="for-a11y">상품 수 <!-- -->1<!-- --> 증가</span></button></div><button type="button" class="sprite__smilefresh--before element-info-cart" aria-describedby="itemCard_title_2518499495"><span class="for-a11y">장바구니 담기</span></button></div><a href="https://item.gmarket.co.kr/Item?goodscode=2518499495" class="link__itemcard-info"><span class="box__itemcard-title-area" id="itemCard_title_2518499495"><span class="text__brand"><span class="text">롯데칠성</span></span><span class="text__title" id="item_title">펩시콜라 600ml</span></span><span class="box__itemcard-price-area"><span class="box__price-seller"><span class="for-a11y">판매가</span><strong class="text__price-seller">1,680</strong><span class="text__unit">원</span></span><span class="box__prime-cost"><span class="for-a11y">원가</span><span class="text__unit-cost">(<!-- -->100mL당 280원<!-- -->)</span></span></span><span class="box__itemcard-info-score"><span class="sprite__smilefresh--before box__score-awards"><span class="for-a11y">평점</span><span class="text text__score">4.8</span><span class="for-a11y">후기</span><span class="text text__num">(478)</span><span class="for-a11y">건</span></span><span class="box__score-buycnt"><span class="text text__buy">구매</span><span class="text text__num">3,867</span><span class="for-a11y">건</span></span></span><span class="box__itemcard-benefit-tag"><span class="box__tag box__tag-coupon"><span class="sprite__smilefresh--before box__inner">15% 쿠폰</span></span></span></a><button type="button" class="sprite__smilefresh--after button__favorite-item" aria-describedby="itemCard_title_2518499495" aria-pressed="false" aria-label="관심상품 등록하기"></button></div></div></div></div></li><li class="list-item"><div class="box__itemcard-container"><div class="box__itemcard-body"><div class="box__itemcard-inner"><a class="link__itemcard" href="https://item.gmarket.co.kr/Item?goodscode=2518582525" tabindex="-1" aria-hidden="true"><span class="box__itemcard-img"><img class="image__itemcard no-js-400?ver=1725091208" src="data:image/gif;base64,R0lGODlhAQABAIAAAP///wAAACH5BAEAAAAALAAAAAABAAEAAAICRAEAOw==" alt="동아오츠카 나랑드 사이다 1.5L - 상품 이미지"/><noscript><style>.no-js-400?ver=1725091208 { display: none !important; }</style><img class="image__itemcard" src="https://gdimg.gmarket.co.kr/2518582525/still/400?ver=1725091208" alt="동아오츠카 나랑드 사이다 1.5L - 상품 이미지"/></noscript></span></a><div class="box__itemcard-info"><div class="box__element-info"><div class="element-info-qty"><button aria-describedby="itemCard_title_2518582525" class="sprite__smilefresh--before element-info-qty-minus" aria-disabled="true"><span class="for-a11y">상품 수 <!-- -->1<!-- --> 감소</span></button><span class="element-info-item-qty" aria-describedby="itemCard_title_2518582525"><span class="for-a11y">선택된 수량</span> <!-- -->1</span><button aria-describedby="itemCard_title_2518582525" class="sprite__smilefresh--before element-info-qty-plus"><span class="for-a11y">상품 수 <!-- -->1<!-- --> 증가</span></button></div><button type="button" class="sprite__smilefresh--before element-info-cart" aria-describedby="itemCard_title_2518582525"><span class="for-a11y">장바구니 담기</span></button></div><a href="https://item.gmarket.co.kr/Item?goodscode=2518582525" class="link__itemcard-info"><span class="box__itemcard-title-area" id="itemCard_title_2518582525"><span class="text__brand"><span class="text">동아오츠카</span></span><span class="text__title" id="item_title">동아오츠카 나랑드 사이다 1.5L</span></span><span class="box__itemcard-price-area"><span class="box__price-seller"><span class="for-a11y">판매가</span><strong class="text__price-seller">1,780</strong><span class="text__unit">원</span></span><span class="box__prime-cost"><span class="for-a11y">원가</span><span class="text__unit-cost">(<!-- -->100mL당 119원<!-- -->)</span></span></span><span class="box__itemcard-info-score"><span class="sprite__smilefresh--before box__score-awards"><span class="for-a11y">평점</span><span class="text text__score">4.7</span><span class="for-a11y">후기</span><span class="text text__num">(324)</span><span class="for-a11y">건</span></span><span class="box__score-buycnt"><span class="text text__buy">구매</span><span class="text text__num">2,523</span><span class="for-a11y">건</span></span></span><span class="box__itemcard-benefit-tag"><span class="box__tag box__tag-coupon"><span class="sprite__smilefresh--before box__inner">15% 쿠폰</span></span></span></a><button type="button" class="sprite__smilefresh--after button__favorite-item" aria-describedby="itemCard_title_2518582525" aria-pressed="false" aria-label="관심상품 등록하기"></button></div></div></div></div></li><li class="list-item"><div class="box__itemcard-container"><div class="box__itemcard-body"><div class="box__itemcard-inner"><a class="link__itemcard" href="https://item.gmarket.co.kr/Item?goodscode=2518877033" tabindex="-1" aria-hidden="true"><span class="box__itemcard-img"><img class="image__itemcard no-js-400?ver=1725091757" src="data:image/gif;base64,R0lGODlhAQABAIAAAP///wAAACH5BAEAAAAALAAAAAABAAEAAAICRAEAOw==" alt="(Up) 롯데 청포도 893g - 상품 이미지"/><noscript><style>.no-js-400?ver=1725091757 { display: none !important; }</style><img class="image__itemcard" src="https://gdimg.gmarket.co.kr/2518877033/still/400?ver=1725091757" alt="(Up) 롯데 청포도 893g - 상품 이미지"/></noscript></span></a><div class="box__itemcard-info"><div class="box__element-info"><div class="element-info-qty"><button aria-describedby="itemCard_title_2518877033" class="sprite__smilefresh--before element-info-qty-minus" aria-disabled="true"><span class="for-a11y">상품 수 <!-- -->1<!-- --> 감소</span></button><span class="element-info-item-qty" aria-describedby="itemCard_title_2518877033"><span class="for-a11y">선택된 수량</span> <!-- -->1</span><button aria-describedby="itemCard_title_2518877033" class="sprite__smilefresh--before element-info-qty-plus"><span class="for-a11y">상품 수 <!-- -->1<!-- --> 증가</span></button></div><button type="button" class="sprite__smilefresh--before element-info-cart" aria-describedby="itemCard_title_2518877033"><span class="for-a11y">장바구니 담기</span></button></div><a href="https://item.gmarket.co.kr/Item?goodscode=2518877033" class="link__itemcard-info"><span class="box__itemcard-title-area" id="itemCard_title_2518877033"><span class="text__brand"><span class="text">롯데웰푸드</span></span><span class="text__title" id="item_title">(Up) 롯데 청포도 893g</span></span><span class="box__itemcard-price-area"><span class="box__price-seller"><span class="for-a11y">판매가</span><strong class="text__price-seller">10,380</strong><span class="text__unit">원</span></span></span><span class="box__itemcard-info-score"><span class="sprite__smilefresh--before box__score-awards"><span class="for-a11y">평점</span><span class="text text__score">4.7</span><span class="for-a11y">후기</span><span class="text text__num">(333)</span><span class="for-a11y">건</span></span><span class="box__score-buycnt"><span class="text text__buy">구매</span><span class="text text__num">1,181</span><span class="for-a11y">건</span></span></span><span class="box__itemcard-benefit-tag"><span class="box__tag box__tag-coupon"><span class="sprite__smilefresh--before box__inner">15% 쿠폰</span></span></span></a><button type="button" class="sprite__smilefresh--after button__favorite-item" aria-describedby="itemCard_title_2518877033" aria-pressed="false" aria-label="관심상품 등록하기"></button></div></div></div></div></li><li class="list-item"><div class="box__itemcard-container"><div class="box__itemcard-body"><div class="box__itemcard-inner"><a class="link__itemcard" href="https://item.gmarket.co.kr/Item?goodscode=2806917899" tabindex="-1" aria-hidden="true"><span class="box__itemcard-img"><img class="image__itemcard no-js-400?ver=1725131010" src="data:image/gif;base64,R0lGODlhAQABAIAAAP///wAAACH5BAEAAAAALAAAAAABAAEAAAICRAEAOw==" alt="농심 웰치 제로 그레이프 1.5L - 상품 이미지"/><noscript><style>.no-js-400?ver=1725131010 { display: none !important; }</style><img class="image__itemcard" src="https://gdimg.gmarket.co.kr/2806917899/still/400?ver=1725131010" alt="농심 웰치 제로 그레이프 1.5L - 상품 이미지"/></noscript></span></a><div class="box__itemcard-info"><div class="box__element-info"><div class="element-info-qty"><button aria-describedby="itemCard_title_2806917899" class="sprite__smilefresh--before element-info-qty-minus" aria-disabled="true"><span class="for-a11y">상품 수 <!-- -->1<!-- --> 감소</span></button><span class="element-info-item-qty" aria-describedby="itemCard_title_2806917899"><span class="for-a11y">선택된 수량</span> <!-- -->1</span><button aria-describedby="itemCard_title_2806917899" class="sprite__smilefresh--before element-info-qty-plus"><span class="for-a11y">상품 수 <!-- -->1<!-- --> 증가</span></button></div><button type="button" class="sprite__smilefresh--before element-info-cart" aria-describedby="itemCard_title_2806917899"><span class="for-a11y">장바구니 담기</span></button></div><a href="https://item.gmarket.co.kr/Item?goodscode=2806917899" class="link__itemcard-info"><span class="box__itemcard-title-area" id="itemCard_title_2806917899"><span class="text__brand"><span class="text">웰치스</span></span><span class="text__title" id="item_title">농심 웰치 제로 그레이프 1.5L</span></span><span class="box__itemcard-price-area"><span class="box__price-seller"><span class="for-a11y">판매가</span><strong class="text__price-seller">2,500</strong><span class="text__unit">원</span></span><span class="box__prime-cost"><span class="for-a11y">원가</span><span class="text__unit-cost">(<!-- -->100mL당 167원<!-- -->)</span></span></span><span class="box__itemcard-info-score"><span class="sprite__smilefresh--before box__score-awards"><span class="for-a11y">평점</span><span class="text text__score">4.8</span><span class="for-a11y">후기</span><span class="text text__num">(452)</span><span class="for-a11y">건</span></span><span class="box__score-buycnt"><span class="text text__buy">구매</span><span class="text text__num">3,484</span><span class="for-a11y">건</span></span></span><span class="box__itemcard-benefit-tag"><span class="box__tag box__tag-coupon"><span class="sprite__smilefresh--before box__inner">15% 쿠폰</span></span></span></a><button type="button" class="sprite__smilefresh--after button__favorite-item" aria-describedby="itemCard_title_2806917899" aria-pressed="false" aria-label="관심상품 등록하기"></button></div></div></div></div></li><li class="list-item"><div class="box__itemcard-container"><div class="box__itemcard-body"><div class="box__itemcard-inner"><a class="link__itemcard" href="https://item.gmarket.co.kr/Item?goodscode=2933395697" tabindex="-1" aria-hidden="true"><span class="box__itemcard-img"><img class="image__itemcard no-js-400?ver=1725129934" src="data:image/gif;base64,R0lGODlhAQABAIAAAP///wAAACH5BAEAAAAALAAAAAABAAEAAAICRAEAOw==" alt="동원 미니 돈까스 900g - 상품 이미지"/><noscript><style>.no-js-400?ver=1725129934 { display: none !important; }</style><img class="image__itemcard" src="https://gdimg.gmarket.co.kr/2933395697/still/400?ver=1725129934" alt="동원 미니 돈까스 900g - 상품 이미지"/></noscript></span></a><div class="box__itemcard-info"><div class="box__element-info"><div class="element-info-qty"><button aria-describedby="itemCard_title_2933395697" class="sprite__smilefresh--before element-info-qty-minus" aria-disabled="true"><span class="for-a11y">상품 수 <!-- -->1<!-- --> 감소</span></button><span class="element-info-item-qty" aria-describedby="itemCard_title_2933395697"><span class="for-a11y">선택된 수량</span> <!-- -->1</span><button aria-describedby="itemCard_title_2933395697" class="sprite__smilefresh--before element-info-qty-plus"><span class="for-a11y">상품 수 <!-- -->1<!-- --> 증가</span></button></div><button type="button" class="sprite__smilefresh--before element-info-cart" aria-describedby="itemCard_title_2933395697"><span class="for-a11y">장바구니 담기</span></button></div><a href="https://item.gmarket.co.kr/Item?goodscode=2933395697" class="link__itemcard-info"><span class="box__itemcard-title-area" id="itemCard_title_2933395697"><span class="text__brand"><span class="text">동원</span></span><span class="text__title" id="item_title">동원 미니 돈까스 900g</span></span><span class="box__itemcard-price-area"><span class="box__price-seller"><span class="for-a11y">판매가</span><strong class="text__price-seller">8,980</strong><span class="text__unit">원</span></span></span><span class="box__itemcard-info-score"><span class="sprite__smilefresh--before box__score-awards"><span class="for-a11y">평점</span><span class="text text__score">4.8</span><span class="for-a11y">후기</span><span class="text text__num">(254)</span><span class="for-a11y">건</span></span><span class="box__score-buycnt"><span class="text text__buy">구매</span><span class="text text__num">601</span><span class="for-a11y">건</span></span></span><span class="box__itemcard-benefit-tag"><span class="box__tag box__tag-coupon"><span class="sprite__smilefresh--before box__inner">15% 쿠폰</span></span></span></a><button type="button" class="sprite__smilefresh--after button__favorite-item" aria-describedby="itemCard_title_2933395697" aria-pressed="false" aria-label="관심상품 등록하기"></button></div></div></div></div></li><li class="list-item"><div class="box__itemcard-container"><div class="box__itemcard-body"><div class="box__itemcard-inner"><span class="box__thumbnail__label">2개 사면 할인</span><a class="link__itemcard" href="https://item.gmarket.co.kr/Item?goodscode=3289954855" tabindex="-1" aria-hidden="true"><span class="box__itemcard-img"><img class="image__itemcard no-js-400?ver=1725134962" src="data:image/gif;base64,R0lGODlhAQABAIAAAP///wAAACH5BAEAAAAALAAAAAABAAEAAAICRAEAOw==" alt="가그린 유자민트 750ml - 상품 이미지"/><noscript><style>.no-js-400?ver=1725134962 { display: none !important; }</style><img class="image__itemcard" src="https://gdimg.gmarket.co.kr/3289954855/still/400?ver=1725134962" alt="가그린 유자민트 750ml - 상품 이미지"/></noscript></span></a><div class="box__itemcard-info"><div class="box__element-info"><div class="element-info-qty"><button aria-describedby="itemCard_title_3289954855" class="sprite__smilefresh--before element-info-qty-minus" aria-disabled="true"><span class="for-a11y">상품 수 <!-- -->1<!-- --> 감소</span></button><span class="element-info-item-qty" aria-describedby="itemCard_title_3289954855"><span class="for-a11y">선택된 수량</span> <!-- -->1</span><button aria-describedby="itemCard_title_3289954855" class="sprite__smilefresh--before element-info-qty-plus"><span class="for-a11y">상품 수 <!-- -->1<!-- --> 증가</span></button></div><button type="button" class="sprite__smilefresh--before element-info-cart" aria-describedby="itemCard_title_3289954855"><span class="for-a11y">장바구니 담기</span></button></div><a href="https://item.gmarket.co.kr/Item?goodscode=3289954855" class="link__itemcard-info"><span class="box__itemcard-title-area" id="itemCard_title_3289954855"><span class="text__brand"><span class="text">가그린</span></span><span class="text__title" id="item_title">가그린 유자민트 750ml</span></span><span class="box__itemcard-price-area"><span class="box__price-seller"><span class="for-a11y">판매가</span><strong class="text__price-seller">8,700</strong><span class="text__unit">원</span></span></span><span class="box__itemcard-info-score"><span class="sprite__smilefresh--before box__score-awards"><span class="for-a11y">평점</span><span class="text text__score">4.8</span><span class="for-a11y">후기</span><span class="text text__num">(58)</span><span class="for-a11y">건</span></span><span class="box__score-buycnt"><span class="text text__buy">구매</span><span class="text text__num">193</span><span class="for-a11y">건</span></span></span><span class="box__itemcard-benefit-tag"><span class="box__tag box__tag-coupon"><span class="sprite__smilefresh--before box__inner">15% 쿠폰</span></span></span></a><button type="button" class="sprite__smilefresh--after button__favorite-item" aria-describedby="itemCard_title_3289954855" aria-pressed="false" aria-label="관심상품 등록하기"></button></div></div></div></div></li><li class="list-item"><div class="box__itemcard-container"><div class="box__itemcard-body"><div class="box__itemcard-inner"><a class="link__itemcard" href="https://item.gmarket.co.kr/Item?goodscode=2518699249" tabindex="-1" aria-hidden="true"><span class="box__itemcard-img"><img class="image__itemcard no-js-400?ver=1725091505" src="data:image/gif;base64,R0lGODlhAQABAIAAAP///wAAACH5BAEAAAAALAAAAAABAAEAAAICRAEAOw==" alt="풀무원 국산콩 신선한네모두부 340g - 상품 이미지"/><noscript><style>.no-js-400?ver=1725091505 { display: none !important; }</style><img class="image__itemcard" src="https://gdimg.gmarket.co.kr/2518699249/still/400?ver=1725091505" alt="풀무원 국산콩 신선한네모두부 340g - 상품 이미지"/></noscript></span></a><div class="box__itemcard-info"><div class="box__element-info"><div class="element-info-qty"><button aria-describedby="itemCard_title_2518699249" class="sprite__smilefresh--before element-info-qty-minus" aria-disabled="true"><span class="for-a11y">상품 수 <!-- -->1<!-- --> 감소</span></button><span class="element-info-item-qty" aria-describedby="itemCard_title_2518699249"><span class="for-a11y">선택된 수량</span> <!-- -->1</span><button aria-describedby="itemCard_title_2518699249" class="sprite__smilefresh--before element-info-qty-plus"><span class="for-a11y">상품 수 <!-- -->1<!-- --> 증가</span></button></div><button type="button" class="sprite__smilefresh--before element-info-cart" aria-describedby="itemCard_title_2518699249"><span class="for-a11y">장바구니 담기</span></button></div><a href="https://item.gmarket.co.kr/Item?goodscode=2518699249" class="link__itemcard-info"><span class="box__itemcard-title-area" id="itemCard_title_2518699249"><span class="text__brand"><span class="text">풀무원</span></span><span class="text__title" id="item_title">풀무원 국산콩 신선한네모두부 340g</span></span><span class="box__itemcard-price-area"><span class="box__price-seller"><span class="for-a11y">판매가</span><strong class="text__price-seller">4,750</strong><span class="text__unit">원</span></span></span><span class="box__itemcard-info-score"><span class="sprite__smilefresh--before box__score-awards"><span class="for-a11y">평점</span><span class="text text__score">4.8</span><span class="for-a11y">후기</span><span class="text text__num">(241)</span><span class="for-a11y">건</span></span><span class="box__score-buycnt"><span class="text text__buy">구매</span><span class="text text__num">990</span><span class="for-a11y">건</span></span></span><span class="box__itemcard-benefit-tag"><span class="box__tag box__tag-coupon"><span class="sprite__smilefresh--before box__inner">15% 쿠폰</span></span></span></a><button type="button" class="sprite__smilefresh--after button__favorite-item" aria-describedby="itemCard_title_2518699249" aria-pressed="false" aria-label="관심상품 등록하기"></button></div></div></div></div></li><li class="list-item"><div class="box__itemcard-container"><div class="box__itemcard-body"><div class="box__itemcard-inner"><a class="link__itemcard" href="https://item.gmarket.co.kr/Item?goodscode=2522382370" tabindex="-1" aria-hidden="true"><span class="box__itemcard-img"><img class="image__itemcard no-js-400?ver=1725101466" src="data:image/gif;base64,R0lGODlhAQABAIAAAP///wAAACH5BAEAAAAALAAAAAABAAEAAAICRAEAOw==" alt="롯데 목캔디허브217G - 상품 이미지"/><noscript><style>.no-js-400?ver=1725101466 { display: none !important; }</style><img class="image__itemcard" src="https://gdimg.gmarket.co.kr/2522382370/still/400?ver=1725101466" alt="롯데 목캔디허브217G - 상품 이미지"/></noscript></span></a><div class="box__itemcard-info"><div class="box__element-info"><div class="element-info-qty"><button aria-describedby="itemCard_title_2522382370" class="sprite__smilefresh--before element-info-qty-minus" aria-disabled="true"><span class="for-a11y">상품 수 <!-- -->1<!-- --> 감소</span></button><span class="element-info-item-qty" aria-describedby="itemCard_title_2522382370"><span class="for-a11y">선택된 수량</span> <!-- -->1</span><button aria-describedby="itemCard_title_2522382370" class="sprite__smilefresh--before element-info-qty-plus"><span class="for-a11y">상품 수 <!-- -->1<!-- --> 증가</span></button></div><button type="button" class="sprite__smilefresh--before element-info-cart" aria-describedby="itemCard_title_2522382370"><span class="for-a11y">장바구니 담기</span></button></div><a href="https://item.gmarket.co.kr/Item?goodscode=2522382370" class="link__itemcard-info"><span class="box__itemcard-title-area" id="itemCard_title_2522382370"><span class="text__brand"><span class="text">롯데웰푸드</span></span><span class="text__title" id="item_title">롯데 목캔디허브217G</span></span><span class="box__itemcard-price-area"><span class="box__price-seller"><span class="for-a11y">판매가</span><strong class="text__price-seller">3,980</strong><span class="text__unit">원</span></span><span class="box__prime-cost"><span class="for-a11y">원가</span><strong class="text__dc-rate">9<!-- -->%</strong><span class="text__prime-cost">4,380<span class="text__unit">원</span></span></span></span><span class="box__itemcard-info-score"><span class="sprite__smilefresh--before box__score-awards"><span class="for-a11y">평점</span><span class="text text__score">4.6</span><span class="for-a11y">후기</span><span class="text text__num">(432)</span><span class="for-a11y">건</span></span><span class="box__score-buycnt"><span class="text text__buy">구매</span><span class="text text__num">2,004</span><span class="for-a11y">건</span></span></span><span class="box__itemcard-benefit-tag"><span class="box__tag box__tag-coupon"><span class="sprite__smilefresh--before box__inner">15% 쿠폰</span></span></span></a><button type="button" class="sprite__smilefresh--after button__favorite-item" aria-describedby="itemCard_title_2522382370" aria-pressed="false" aria-label="관심상품 등록하기"></button></div></div></div></div></li><li class="list-item"><div class="box__itemcard-container"><div class="box__itemcard-body"><div class="box__itemcard-inner"><a class="link__itemcard" href="https://item.gmarket.co.kr/Item?goodscode=2523266958" tabindex="-1" aria-hidden="true"><span class="box__itemcard-img"><img class="image__itemcard no-js-400?ver=1725099906" src="data:image/gif;base64,R0lGODlhAQABAIAAAP///wAAACH5BAEAAAAALAAAAAABAAEAAAICRAEAOw==" alt="가그린 스트롱 750ML - 상품 이미지"/><noscript><style>.no-js-400?ver=1725099906 { display: none !important; }</style><img class="image__itemcard" src="https://gdimg.gmarket.co.kr/2523266958/still/400?ver=1725099906" alt="가그린 스트롱 750ML - 상품 이미지"/></noscript></span></a><div class="box__itemcard-info"><div class="box__element-info"><div class="element-info-qty"><button aria-describedby="itemCard_title_2523266958" class="sprite__smilefresh--before element-info-qty-minus" aria-disabled="true"><span class="for-a11y">상품 수 <!-- -->1<!-- --> 감소</span></button><span class="element-info-item-qty" aria-describedby="itemCard_title_2523266958"><span class="for-a11y">선택된 수량</span> <!-- -->1</span><button aria-describedby="itemCard_title_2523266958" class="sprite__smilefresh--before element-info-qty-plus"><span class="for-a11y">상품 수 <!-- -->1<!-- --> 증가</span></button></div><button type="button" class="sprite__smilefresh--before element-info-cart" aria-describedby="itemCard_title_2523266958"><span class="for-a11y">장바구니 담기</span></button></div><a href="https://item.gmarket.co.kr/Item?goodscode=2523266958" class="link__itemcard-info"><span class="box__itemcard-title-area" id="itemCard_title_2523266958"><span class="text__brand"><span class="text">가그린</span></span><span class="text__title" id="item_title">가그린 스트롱 750ML</span></span><span class="box__itemcard-price-area"><span class="box__price-seller"><span class="for-a11y">판매가</span><strong class="text__price-seller">5,180</strong><span class="text__unit">원</span></span></span><span class="box__itemcard-info-score"><span class="sprite__smilefresh--before box__score-awards"><span class="for-a11y">평점</span><span class="text text__score">4.8</span><span class="for-a11y">후기</span><span class="text text__num">(149)</span><span class="for-a11y">건</span></span><span class="box__score-buycnt"><span class="text text__buy">구매</span><span class="text text__num">703</span><span class="for-a11y">건</span></span></span><span class="box__itemcard-benefit-tag"><span class="box__tag box__tag-coupon"><span class="sprite__smilefresh--before box__inner">15% 쿠폰</span></span></span></a><button type="button" class="sprite__smilefresh--after button__favorite-item" aria-describedby="itemCard_title_2523266958" aria-pressed="false" aria-label="관심상품 등록하기"></button></div></div></div></div></li><li class="list-item"><div class="box__itemcard-container"><div class="box__itemcard-body"><div class="box__itemcard-inner"><a class="link__itemcard" href="https://item.gmarket.co.kr/Item?goodscode=2518478535" tabindex="-1" aria-hidden="true"><span class="box__itemcard-img"><img class="image__itemcard no-js-400?ver=1725088533" src="data:image/gif;base64,R0lGODlhAQABAIAAAP///wAAACH5BAEAAAAALAAAAAABAAEAAAICRAEAOw==" alt="코카-콜라 제로 500ml - 상품 이미지"/><noscript><style>.no-js-400?ver=1725088533 { display: none !important; }</style><img class="image__itemcard" src="https://gdimg.gmarket.co.kr/2518478535/still/400?ver=1725088533" alt="코카-콜라 제로 500ml - 상품 이미지"/></noscript></span></a><div class="box__itemcard-info"><div class="box__element-info"><div class="element-info-qty"><button aria-describedby="itemCard_title_2518478535" class="sprite__smilefresh--before element-info-qty-minus" aria-disabled="true"><span class="for-a11y">상품 수 <!-- -->1<!-- --> 감소</span></button><span class="element-info-item-qty" aria-describedby="itemCard_title_2518478535"><span class="for-a11y">선택된 수량</span> <!-- -->1</span><button aria-describedby="itemCard_title_2518478535" class="sprite__smilefresh--before element-info-qty-plus"><span class="for-a11y">상품 수 <!-- -->1<!-- --> 증가</span></button></div><button type="button" class="sprite__smilefresh--before element-info-cart" aria-describedby="itemCard_title_2518478535"><span class="for-a11y">장바구니 담기</span></button></div><a href="https://item.gmarket.co.kr/Item?goodscode=2518478535" class="link__itemcard-info"><span class="box__itemcard-title-area" id="itemCard_title_2518478535"><span class="text__brand"><span class="text">코카콜라 제로</span></span><span class="text__title" id="item_title">코카-콜라 제로 500ml</span></span><span class="box__itemcard-price-area"><span class="box__price-seller"><span class="for-a11y">판매가</span><strong class="text__price-seller">1,580</strong><span class="text__unit">원</span></span><span class="box__prime-cost"><span class="for-a11y">원가</span><strong class="text__dc-rate">24<!-- -->%</strong><span class="text__prime-cost">2,080<span class="text__unit">원</span></span><span class="text__unit-cost">(<!-- -->100mL당 316원<!-- -->)</span></span></span><span class="box__itemcard-info-score"><span class="sprite__smilefresh--before box__score-awards"><span class="for-a11y">평점</span><span class="text text__score">4.8</span><span class="for-a11y">후기</span><span class="text text__num">(160)</span><span class="for-a11y">건</span></span><span class="box__score-buycnt"><span class="text text__buy">구매</span><span class="text text__num">2,208</span><span class="for-a11y">건</span></span></span><span class="box__itemcard-benefit-tag"><span class="box__tag box__tag-coupon"><span class="sprite__smilefresh--before box__inner">15% 쿠폰</span></span></span></a><button type="button" class="sprite__smilefresh--after button__favorite-item" aria-describedby="itemCard_title_2518478535" aria-pressed="false" aria-label="관심상품 등록하기"></button></div></div></div></div></li><li class="list-item"><div class="box__itemcard-container"><div class="box__itemcard-body"><div class="box__itemcard-inner"><a class="link__itemcard" href="https://item.gmarket.co.kr/Item?goodscode=2518729595" tabindex="-1" aria-hidden="true"><span class="box__itemcard-img"><img class="image__itemcard no-js-400?ver=1725092203" src="data:image/gif;base64,R0lGODlhAQABAIAAAP///wAAACH5BAEAAAAALAAAAAABAAEAAAICRAEAOw==" alt="롯데 애니타임 밀크민트 185g - 상품 이미지"/><noscript><style>.no-js-400?ver=1725092203 { display: none !important; }</style><img class="image__itemcard" src="https://gdimg.gmarket.co.kr/2518729595/still/400?ver=1725092203" alt="롯데 애니타임 밀크민트 185g - 상품 이미지"/></noscript></span></a><div class="box__itemcard-info"><div class="box__element-info"><div class="element-info-qty"><button aria-describedby="itemCard_title_2518729595" class="sprite__smilefresh--before element-info-qty-minus" aria-disabled="true"><span class="for-a11y">상품 수 <!-- -->1<!-- --> 감소</span></button><span class="element-info-item-qty" aria-describedby="itemCard_title_2518729595"><span class="for-a11y">선택된 수량</span> <!-- -->1</span><button aria-describedby="itemCard_title_2518729595" class="sprite__smilefresh--before element-info-qty-plus"><span class="for-a11y">상품 수 <!-- -->1<!-- --> 증가</span></button></div><button type="button" class="sprite__smilefresh--before element-info-cart" aria-describedby="itemCard_title_2518729595"><span class="for-a11y">장바구니 담기</span></button></div><a href="https://item.gmarket.co.kr/Item?goodscode=2518729595" class="link__itemcard-info"><span class="box__itemcard-title-area" id="itemCard_title_2518729595"><span class="text__brand"><span class="text">롯데웰푸드</span></span><span class="text__title" id="item_title">롯데 애니타임 밀크민트 185g</span></span><span class="box__itemcard-price-area"><span class="box__price-seller"><span class="for-a11y">판매가</span><strong class="text__price-seller">3,360</strong><span class="text__unit">원</span></span><span class="box__prime-cost"><span class="for-a11y">원가</span><strong class="text__dc-rate">15<!-- -->%</strong><span class="text__prime-cost">3,980<span class="text__unit">원</span></span></span></span><span class="box__itemcard-info-score"><span class="sprite__smilefresh--before box__score-awards"><span class="for-a11y">평점</span><span class="text text__score">4.8</span><span class="for-a11y">후기</span><span class="text text__num">(210)</span><span class="for-a11y">건</span></span><span class="box__score-buycnt"><span class="text text__buy">구매</span><span class="text text__num">1,027</span><span class="for-a11y">건</span></span></span><span class="box__itemcard-benefit-tag"><span class="box__tag box__tag-coupon"><span class="sprite__smilefresh--before box__inner">15% 쿠폰</span></span></span></a><button type="button" class="sprite__smilefresh--after button__favorite-item" aria-describedby="itemCard_title_2518729595" aria-pressed="false" aria-label="관심상품 등록하기"></button></div></div></div></div></li><li class="list-item"><div class="box__itemcard-container"><div class="box__itemcard-body"><div class="box__itemcard-inner"><span class="box__thumbnail__label">2개 사면 할인</span><a class="link__itemcard" href="https://item.gmarket.co.kr/Item?goodscode=3935926782" tabindex="-1" aria-hidden="true"><span class="box__itemcard-img"><img class="image__itemcard no-js-400?ver=1725142168" src="data:image/gif;base64,R0lGODlhAQABAIAAAP///wAAACH5BAEAAAAALAAAAAABAAEAAAICRAEAOw==" alt="진주햄 천하장사 더블링 청양마요 400g - 상품 이미지"/><noscript><style>.no-js-400?ver=1725142168 { display: none !important; }</style><img class="image__itemcard" src="https://gdimg.gmarket.co.kr/3935926782/still/400?ver=1725142168" alt="진주햄 천하장사 더블링 청양마요 400g - 상품 이미지"/></noscript></span></a><div class="box__itemcard-info"><div class="box__element-info"><div class="element-info-qty"><button aria-describedby="itemCard_title_3935926782" class="sprite__smilefresh--before element-info-qty-minus" aria-disabled="true"><span class="for-a11y">상품 수 <!-- -->1<!-- --> 감소</span></button><span class="element-info-item-qty" aria-describedby="itemCard_title_3935926782"><span class="for-a11y">선택된 수량</span> <!-- -->1</span><button aria-describedby="itemCard_title_3935926782" class="sprite__smilefresh--before element-info-qty-plus"><span class="for-a11y">상품 수 <!-- -->1<!-- --> 증가</span></button></div><button type="button" class="sprite__smilefresh--before element-info-cart" aria-describedby="itemCard_title_3935926782"><span class="for-a11y">장바구니 담기</span></button></div><a href="https://item.gmarket.co.kr/Item?goodscode=3935926782" class="link__itemcard-info"><span class="box__itemcard-title-area" id="itemCard_title_3935926782"><span class="text__brand"><span class="text">진주햄</span></span><span class="text__title" id="item_title">진주햄 천하장사 더블링 청양마요 400g</span></span><span class="box__itemcard-price-area"><span class="box__price-seller"><span class="for-a11y">판매가</span><strong class="text__price-seller">9,980</strong><span class="text__unit">원</span></span><span class="box__prime-cost"><span class="for-a11y">원가</span><span class="text__unit-cost">(<!-- -->10g당 250원<!-- -->)</span></span></span><span class="box__itemcard-info-score"><span class="sprite__smilefresh--before box__score-awards"><span class="for-a11y">평점</span><span class="text text__score">4.4</span><span class="for-a11y">후기</span><span class="text text__num">(35)</span><span class="for-a11y">건</span></span><span class="box__score-buycnt"><span class="text text__buy">구매</span><span class="text text__num">152</span><span class="for-a11y">건</span></span></span><span class="box__itemcard-benefit-tag"><span class="box__tag box__tag-coupon"><span class="sprite__smilefresh--before box__inner">15% 쿠폰</span></span></span></a><button type="button" class="sprite__smilefresh--after button__favorite-item" aria-describedby="itemCard_title_3935926782" aria-pressed="false" aria-label="관심상품 등록하기"></button></div></div></div></div></li><li class="list-item"><div class="box__itemcard-container"><div class="box__itemcard-body"><div class="box__itemcard-inner"><a class="link__itemcard" href="https://item.gmarket.co.kr/Item?goodscode=2518526403" tabindex="-1" aria-hidden="true"><span class="box__itemcard-img"><img class="image__itemcard no-js-400?ver=1725277739" src="data:image/gif;base64,R0lGODlhAQABAIAAAP///wAAACH5BAEAAAAALAAAAAABAAEAAAICRAEAOw==" alt="리스테린 쿨민트 마우스워시 750mL - 상품 이미지"/><noscript><style>.no-js-400?ver=1725277739 { display: none !important; }</style><img class="image__itemcard" src="https://gdimg.gmarket.co.kr/2518526403/still/400?ver=1725277739" alt="리스테린 쿨민트 마우스워시 750mL - 상품 이미지"/></noscript></span></a><div class="box__itemcard-info"><div class="box__element-info"><div class="element-info-qty"><button aria-describedby="itemCard_title_2518526403" class="sprite__smilefresh--before element-info-qty-minus" aria-disabled="true"><span class="for-a11y">상품 수 <!-- -->1<!-- --> 감소</span></button><span class="element-info-item-qty" aria-describedby="itemCard_title_2518526403"><span class="for-a11y">선택된 수량</span> <!-- -->1</span><button aria-describedby="itemCard_title_2518526403" class="sprite__smilefresh--before element-info-qty-plus"><span class="for-a11y">상품 수 <!-- -->1<!-- --> 증가</span></button></div><button type="button" class="sprite__smilefresh--before element-info-cart" aria-describedby="itemCard_title_2518526403"><span class="for-a11y">장바구니 담기</span></button></div><a href="https://item.gmarket.co.kr/Item?goodscode=2518526403" class="link__itemcard-info"><span class="box__itemcard-title-area" id="itemCard_title_2518526403"><span class="text__brand"><span class="text">리스테린</span></span><span class="text__title" id="item_title">리스테린 쿨민트 마우스워시 750mL</span></span><span class="box__itemcard-price-area"><span class="box__price-seller"><span class="for-a11y">판매가</span><strong class="text__price-seller">6,900</strong><span class="text__unit">원</span></span><span class="box__prime-cost"><span class="for-a11y">원가</span><strong class="text__dc-rate">22<!-- -->%</strong><span class="text__prime-cost">8,900<span class="text__unit">원</span></span></span></span><span class="box__itemcard-info-score"><span class="sprite__smilefresh--before box__score-awards"><span class="for-a11y">평점</span><span class="text text__score">4.7</span><span class="for-a11y">후기</span><span class="text text__num">(127)</span><span class="for-a11y">건</span></span><span class="box__score-buycnt"><span class="text text__buy">구매</span><span class="text text__num">542</span><span class="for-a11y">건</span></span></span><span class="box__itemcard-benefit-tag"><span class="box__tag box__tag-coupon"><span class="sprite__smilefresh--before box__inner">15% 쿠폰</span></span></span></a><button type="button" class="sprite__smilefresh--after button__favorite-item" aria-describedby="itemCard_title_2518526403" aria-pressed="false" aria-label="관심상품 등록하기"></button></div></div></div></div></li><li class="list-item"><div class="box__itemcard-container"><div class="box__itemcard-body"><div class="box__itemcard-inner"><span class="box__thumbnail__label">3개 사면 할인</span><a class="link__itemcard" href="https://item.gmarket.co.kr/Item?goodscode=2518816316" tabindex="-1" aria-hidden="true"><span class="box__itemcard-img"><img class="image__itemcard no-js-400?ver=1725111203" src="data:image/gif;base64,R0lGODlhAQABAIAAAP///wAAACH5BAEAAAAALAAAAAABAAEAAAICRAEAOw==" alt="펩시 제로슈거 라임향 500ml - 상품 이미지"/><noscript><style>.no-js-400?ver=1725111203 { display: none !important; }</style><img class="image__itemcard" src="https://gdimg.gmarket.co.kr/2518816316/still/400?ver=1725111203" alt="펩시 제로슈거 라임향 500ml - 상품 이미지"/></noscript></span></a><div class="box__itemcard-info"><div class="box__element-info"><div class="element-info-qty"><button aria-describedby="itemCard_title_2518816316" class="sprite__smilefresh--before element-info-qty-minus" aria-disabled="true"><span class="for-a11y">상품 수 <!-- -->1<!-- --> 감소</span></button><span class="element-info-item-qty" aria-describedby="itemCard_title_2518816316"><span class="for-a11y">선택된 수량</span> <!-- -->1</span><button aria-describedby="itemCard_title_2518816316" class="sprite__smilefresh--before element-info-qty-plus"><span class="for-a11y">상품 수 <!-- -->1<!-- --> 증가</span></button></div><button type="button" class="sprite__smilefresh--before element-info-cart" aria-describedby="itemCard_title_2518816316"><span class="for-a11y">장바구니 담기</span></button></div><a href="https://item.gmarket.co.kr/Item?goodscode=2518816316" class="link__itemcard-info"><span class="box__itemcard-title-area" id="itemCard_title_2518816316"><span class="text__brand"><span class="text">롯데칠성</span></span><span class="text__title" id="item_title">펩시 제로슈거 라임향 500ml</span></span><span class="box__itemcard-price-area"><span class="box__price-seller"><span class="for-a11y">판매가</span><strong class="text__price-seller">1,680</strong><span class="text__unit">원</span></span><span class="box__prime-cost"><span class="for-a11y">원가</span><span class="text__unit-cost">(<!-- -->100mL당 336원<!-- -->)</span></span></span><span class="box__itemcard-info-score"><span class="sprite__smilefresh--before box__score-awards"><span class="for-a11y">평점</span><span class="text text__score">4.8</span><span class="for-a11y">후기</span><span class="text text__num">(296)</span><span class="for-a11y">건</span></span><span class="box__score-buycnt"><span class="text text__buy">구매</span><span class="text text__num">4,685</span><span class="for-a11y">건</span></span></span><span class="box__itemcard-benefit-tag"><span class="box__tag box__tag-coupon"><span class="sprite__smilefresh--before box__inner">15% 쿠폰</span></span></span></a><button type="button" class="sprite__smilefresh--after button__favorite-item" aria-describedby="itemCard_title_2518816316" aria-pressed="false" aria-label="관심상품 등록하기"></button></div></div></div></div></li><li class="list-item"><div class="box__itemcard-container"><div class="box__itemcard-body"><div class="box__itemcard-inner"><a class="link__itemcard" href="https://item.gmarket.co.kr/Item?goodscode=2523628981" tabindex="-1" aria-hidden="true"><span class="box__itemcard-img"><img class="image__itemcard no-js-400?ver=1725102513" src="data:image/gif;base64,R0lGODlhAQABAIAAAP///wAAACH5BAEAAAAALAAAAAABAAEAAAICRAEAOw==" alt="고메바삭튀겨낸 모짜렐라돈카츠450g - 상품 이미지"/><noscript><style>.no-js-400?ver=1725102513 { display: none !important; }</style><img class="image__itemcard" src="https://gdimg.gmarket.co.kr/2523628981/still/400?ver=1725102513" alt="고메바삭튀겨낸 모짜렐라돈카츠450g - 상품 이미지"/></noscript></span></a><div class="box__itemcard-info"><div class="box__element-info"><div class="element-info-qty"><button aria-describedby="itemCard_title_2523628981" class="sprite__smilefresh--before element-info-qty-minus" aria-disabled="true"><span class="for-a11y">상품 수 <!-- -->1<!-- --> 감소</span></button><span class="element-info-item-qty" aria-describedby="itemCard_title_2523628981"><span class="for-a11y">선택된 수량</span> <!-- -->1</span><button aria-describedby="itemCard_title_2523628981" class="sprite__smilefresh--before element-info-qty-plus"><span class="for-a11y">상품 수 <!-- -->1<!-- --> 증가</span></button></div><button type="button" class="sprite__smilefresh--before element-info-cart" aria-describedby="itemCard_title_2523628981"><span class="for-a11y">장바구니 담기</span></button></div><a href="https://item.gmarket.co.kr/Item?goodscode=2523628981" class="link__itemcard-info"><span class="box__itemcard-title-area" id="itemCard_title_2523628981"><span class="text__brand"><span class="text">CJ제일제당</span></span><span class="text__title" id="item_title">고메바삭튀겨낸 모짜렐라돈카츠450g</span></span><span class="box__itemcard-price-area"><span class="box__price-seller"><span class="for-a11y">판매가</span><strong class="text__price-seller">9,980</strong><span class="text__unit">원</span></span></span><span class="box__itemcard-info-score"><span class="sprite__smilefresh--before box__score-awards"><span class="for-a11y">평점</span><span class="text text__score">4.8</span><span class="for-a11y">후기</span><span class="text text__num">(220)</span><span class="for-a11y">건</span></span><span class="box__score-buycnt"><span class="text text__buy">구매</span><span class="text text__num">917</span><span class="for-a11y">건</span></span></span><span class="box__itemcard-benefit-tag"><span class="box__tag box__tag-coupon"><span class="sprite__smilefresh--before box__inner">15% 쿠폰</span></span></span></a><button type="button" class="sprite__smilefresh--after button__favorite-item" aria-describedby="itemCard_title_2523628981" aria-pressed="false" aria-label="관심상품 등록하기"></button></div></div></div></div></li><li class="list-item"><div class="box__itemcard-container"><div class="box__itemcard-body"><div class="box__itemcard-inner"><a class="link__itemcard" href="https://item.gmarket.co.kr/Item?goodscode=2561876411" tabindex="-1" aria-hidden="true"><span class="box__itemcard-img"><img class="image__itemcard no-js-400?ver=1725092405" src="data:image/gif;base64,R0lGODlhAQABAIAAAP///wAAACH5BAEAAAAALAAAAAABAAEAAAICRAEAOw==" alt="맥콜 500ml - 상품 이미지"/><noscript><style>.no-js-400?ver=1725092405 { display: none !important; }</style><img class="image__itemcard" src="https://gdimg.gmarket.co.kr/2561876411/still/400?ver=1725092405" alt="맥콜 500ml - 상품 이미지"/></noscript></span></a><div class="box__itemcard-info"><div class="box__element-info"><div class="element-info-qty"><button aria-describedby="itemCard_title_2561876411" class="sprite__smilefresh--before element-info-qty-minus" aria-disabled="true"><span class="for-a11y">상품 수 <!-- -->1<!-- --> 감소</span></button><span class="element-info-item-qty" aria-describedby="itemCard_title_2561876411"><span class="for-a11y">선택된 수량</span> <!-- -->1</span><button aria-describedby="itemCard_title_2561876411" class="sprite__smilefresh--before element-info-qty-plus"><span class="for-a11y">상품 수 <!-- -->1<!-- --> 증가</span></button></div><button type="button" class="sprite__smilefresh--before element-info-cart" aria-describedby="itemCard_title_2561876411"><span class="for-a11y">장바구니 담기</span></button></div><a href="https://item.gmarket.co.kr/Item?goodscode=2561876411" class="link__itemcard-info"><span class="box__itemcard-title-area" id="itemCard_title_2561876411"><span class="text__brand"><span class="text">일화</span></span><span class="text__title" id="item_title">맥콜 500ml</span></span><span class="box__itemcard-price-area"><span class="box__price-seller"><span class="for-a11y">판매가</span><strong class="text__price-seller">1,090</strong><span class="text__unit">원</span></span><span class="box__prime-cost"><span class="for-a11y">원가</span><span class="text__unit-cost">(<!-- -->100mL당 218원<!-- -->)</span></span></span><span class="box__itemcard-info-score"><span class="sprite__smilefresh--before box__score-awards"><span class="for-a11y">평점</span><span class="text text__score">4.7</span><span class="for-a11y">후기</span><span class="text text__num">(199)</span><span class="for-a11y">건</span></span><span class="box__score-buycnt"><span class="text text__buy">구매</span><span class="text text__num">679</span><span class="for-a11y">건</span></span></span><span class="box__itemcard-benefit-tag"><span class="box__tag box__tag-coupon"><span class="sprite__smilefresh--before box__inner">15% 쿠폰</span></span></span></a><button type="button" class="sprite__smilefresh--after button__favorite-item" aria-describedby="itemCard_title_2561876411" aria-pressed="false" aria-label="관심상품 등록하기"></button></div></div></div></div></li><li class="list-item"><div class="box__itemcard-container"><div class="box__itemcard-body"><div class="box__itemcard-inner"><a class="link__itemcard" href="https://item.gmarket.co.kr/Item?goodscode=3951323186" tabindex="-1" aria-hidden="true"><span class="box__itemcard-img"><img class="image__itemcard no-js-400?ver=1725092667" src="data:image/gif;base64,R0lGODlhAQABAIAAAP///wAAACH5BAEAAAAALAAAAAABAAEAAAICRAEAOw==" alt="롯데 칠성 사이다 (500ml) - 상품 이미지"/><noscript><style>.no-js-400?ver=1725092667 { display: none !important; }</style><img class="image__itemcard" src="https://gdimg.gmarket.co.kr/3951323186/still/400?ver=1725092667" alt="롯데 칠성 사이다 (500ml) - 상품 이미지"/></noscript></span></a><div class="box__itemcard-info"><div class="box__element-info"><div class="element-info-qty"><button aria-describedby="itemCard_title_3951323186" class="sprite__smilefresh--before element-info-qty-minus" aria-disabled="true"><span class="for-a11y">상품 수 <!-- -->1<!-- --> 감소</span></button><span class="element-info-item-qty" aria-describedby="itemCard_title_3951323186"><span class="for-a11y">선택된 수량</span> <!-- -->1</span><button aria-describedby="itemCard_title_3951323186" class="sprite__smilefresh--before element-info-qty-plus"><span class="for-a11y">상품 수 <!-- -->1<!-- --> 증가</span></button></div><button type="button" class="sprite__smilefresh--before element-info-cart" aria-describedby="itemCard_title_3951323186"><span class="for-a11y">장바구니 담기</span></button></div><a href="https://item.gmarket.co.kr/Item?goodscode=3951323186" class="link__itemcard-info"><span class="box__itemcard-title-area" id="itemCard_title_3951323186"><span class="text__brand"><span class="text">롯데칠성</span></span><span class="text__title" id="item_title">롯데 칠성 사이다 (500ml)</span></span><span class="box__itemcard-price-area"><span class="box__price-seller"><span class="for-a11y">판매가</span><strong class="text__price-seller">1,880</strong><span class="text__unit">원</span></span><span class="box__prime-cost"><span class="for-a11y">원가</span><span class="text__unit-cost">(<!-- -->100mL당 376원<!-- -->)</span></span></span><span class="box__itemcard-info-score"><span class="sprite__smilefresh--before box__score-awards"><span class="for-a11y">평점</span><span class="text text__score">5.0</span><span class="for-a11y">후기</span><span class="text text__num">(6)</span><span class="for-a11y">건</span></span><span class="box__score-buycnt"><span class="text text__buy">구매</span><span class="text text__num">79</span><span class="for-a11y">건</span></span></span><span class="box__itemcard-benefit-tag"><span class="box__tag box__tag-coupon"><span class="sprite__smilefresh--before box__inner">15% 쿠폰</span></span></span></a><button type="button" class="sprite__smilefresh--after button__favorite-item" aria-describedby="itemCard_title_3951323186" aria-pressed="false" aria-label="관심상품 등록하기"></button></div></div></div></div></li><li class="list-item"><div class="box__itemcard-container"><div class="box__itemcard-body"><div class="box__itemcard-inner"><a class="link__itemcard" href="https://item.gmarket.co.kr/Item?goodscode=2518479914" tabindex="-1" aria-hidden="true"><span class="box__itemcard-img"><img class="image__itemcard no-js-400?ver=1725088394" src="data:image/gif;base64,R0lGODlhAQABAIAAAP///wAAACH5BAEAAAAALAAAAAABAAEAAAICRAEAOw==" alt="코카콜라 코카콜라 500ml - 상품 이미지"/><noscript><style>.no-js-400?ver=1725088394 { display: none !important; }</style><img class="image__itemcard" src="https://gdimg.gmarket.co.kr/2518479914/still/400?ver=1725088394" alt="코카콜라 코카콜라 500ml - 상품 이미지"/></noscript></span></a><div class="box__itemcard-info"><div class="box__element-info"><div class="element-info-qty"><button aria-describedby="itemCard_title_2518479914" class="sprite__smilefresh--before element-info-qty-minus" aria-disabled="true"><span class="for-a11y">상품 수 <!-- -->1<!-- --> 감소</span></button><span class="element-info-item-qty" aria-describedby="itemCard_title_2518479914"><span class="for-a11y">선택된 수량</span> <!-- -->1</span><button aria-describedby="itemCard_title_2518479914" class="sprite__smilefresh--before element-info-qty-plus"><span class="for-a11y">상품 수 <!-- -->1<!-- --> 증가</span></button></div><button type="button" class="sprite__smilefresh--before element-info-cart" aria-describedby="itemCard_title_2518479914"><span class="for-a11y">장바구니 담기</span></button></div><a href="https://item.gmarket.co.kr/Item?goodscode=2518479914" class="link__itemcard-info"><span class="box__itemcard-title-area" id="itemCard_title_2518479914"><span class="text__brand"><span class="text">코카콜라</span></span><span class="text__title" id="item_title">코카콜라 코카콜라 500ml</span></span><span class="box__itemcard-price-area"><span class="box__price-seller"><span class="for-a11y">판매가</span><strong class="text__price-seller">1,580</strong><span class="text__unit">원</span></span><span class="box__prime-cost"><span class="for-a11y">원가</span><span class="text__unit-cost">(<!-- -->100mL당 316원<!-- -->)</span></span></span><span class="box__itemcard-info-score"><span class="sprite__smilefresh--before box__score-awards"><span class="for-a11y">평점</span><span class="text text__score">4.7</span><span class="for-a11y">후기</span><span class="text text__num">(206)</span><span class="for-a11y">건</span></span><span class="box__score-buycnt"><span class="text text__buy">구매</span><span class="text text__num">1,726</span><span class="for-a11y">건</span></span></span><span class="box__itemcard-benefit-tag"><span class="box__tag box__tag-coupon"><span class="sprite__smilefresh--before box__inner">15% 쿠폰</span></span></span></a><button type="button" class="sprite__smilefresh--after button__favorite-item" aria-describedby="itemCard_title_2518479914" aria-pressed="false" aria-label="관심상품 등록하기"></button></div></div></div></div></li><li class="list-item"><div class="box__itemcard-container"><div class="box__itemcard-body"><div class="box__itemcard-inner"><span class="box__thumbnail__label">2개 사면 할인</span><a class="link__itemcard" href="https://item.gmarket.co.kr/Item?goodscode=3693835397" tabindex="-1" aria-hidden="true"><span class="box__itemcard-img"><img class="image__itemcard no-js-400?ver=1725141809" src="data:image/gif;base64,R0lGODlhAQABAIAAAP///wAAACH5BAEAAAAALAAAAAABAAEAAAICRAEAOw==" alt="환타 오렌지 1L - 상품 이미지"/><noscript><style>.no-js-400?ver=1725141809 { display: none !important; }</style><img class="image__itemcard" src="https://gdimg.gmarket.co.kr/3693835397/still/400?ver=1725141809" alt="환타 오렌지 1L - 상품 이미지"/></noscript></span></a><div class="box__itemcard-info"><div class="box__element-info"><div class="element-info-qty"><button aria-describedby="itemCard_title_3693835397" class="sprite__smilefresh--before element-info-qty-minus" aria-disabled="true"><span class="for-a11y">상품 수 <!-- -->1<!-- --> 감소</span></button><span class="element-info-item-qty" aria-describedby="itemCard_title_3693835397"><span class="for-a11y">선택된 수량</span> <!-- -->1</span><button aria-describedby="itemCard_title_3693835397" class="sprite__smilefresh--before element-info-qty-plus"><span class="for-a11y">상품 수 <!-- -->1<!-- --> 증가</span></button></div><button type="button" class="sprite__smilefresh--before element-info-cart" aria-describedby="itemCard_title_3693835397"><span class="for-a11y">장바구니 담기</span></button></div><a href="https://item.gmarket.co.kr/Item?goodscode=3693835397" class="link__itemcard-info"><span class="box__itemcard-title-area" id="itemCard_title_3693835397"><span class="text__brand"><span class="text">환타</span></span><span class="text__title" id="item_title">환타 오렌지 1L</span></span><span class="box__itemcard-price-area"><span class="box__price-seller"><span class="for-a11y">판매가</span><strong class="text__price-seller">2,380</strong><span class="text__unit">원</span></span><span class="box__prime-cost"><span class="for-a11y">원가</span><span class="text__unit-cost">(<!-- -->100mL당 238원<!-- -->)</span></span></span><span class="box__itemcard-info-score"><span class="sprite__smilefresh--before box__score-awards"><span class="for-a11y">평점</span><span class="text text__score">4.7</span><span class="for-a11y">후기</span><span class="text text__num">(159)</span><span class="for-a11y">건</span></span><span class="box__score-buycnt"><span class="text text__buy">구매</span><span class="text text__num">751</span><span class="for-a11y">건</span></span></span><span class="box__itemcard-benefit-tag"><span class="box__tag box__tag-coupon"><span class="sprite__smilefresh--before box__inner">15% 쿠폰</span></span></span></a><button type="button" class="sprite__smilefresh--after button__favorite-item" aria-describedby="itemCard_title_3693835397" aria-pressed="false" aria-label="관심상품 등록하기"></button></div></div></div></div></li><li class="list-item"><div class="box__itemcard-container"><div class="box__itemcard-body"><div class="box__itemcard-inner"><span class="box__thumbnail__label">2개 사면 할인</span><a class="link__itemcard" href="https://item.gmarket.co.kr/Item?goodscode=2519281240" tabindex="-1" aria-hidden="true"><span class="box__itemcard-img"><img class="image__itemcard no-js-400?ver=1725120936" src="data:image/gif;base64,R0lGODlhAQABAIAAAP///wAAACH5BAEAAAAALAAAAAABAAEAAAICRAEAOw==" alt="도브 포밍 핸드워시 피치앤릴리 240ml - 상품 이미지"/><noscript><style>.no-js-400?ver=1725120936 { display: none !important; }</style><img class="image__itemcard" src="https://gdimg.gmarket.co.kr/2519281240/still/400?ver=1725120936" alt="도브 포밍 핸드워시 피치앤릴리 240ml - 상품 이미지"/></noscript></span></a><div class="box__itemcard-info"><div class="box__element-info"><div class="element-info-qty"><button aria-describedby="itemCard_title_2519281240" class="sprite__smilefresh--before element-info-qty-minus" aria-disabled="true"><span class="for-a11y">상품 수 <!-- -->1<!-- --> 감소</span></button><span class="element-info-item-qty" aria-describedby="itemCard_title_2519281240"><span class="for-a11y">선택된 수량</span> <!-- -->1</span><button aria-describedby="itemCard_title_2519281240" class="sprite__smilefresh--before element-info-qty-plus"><span class="for-a11y">상품 수 <!-- -->1<!-- --> 증가</span></button></div><button type="button" class="sprite__smilefresh--before element-info-cart" aria-describedby="itemCard_title_2519281240"><span class="for-a11y">장바구니 담기</span></button></div><a href="https://item.gmarket.co.kr/Item?goodscode=2519281240" class="link__itemcard-info"><span class="box__itemcard-title-area" id="itemCard_title_2519281240"><span class="text__brand"><span class="text">도브</span></span><span class="text__title" id="item_title">도브 포밍 핸드워시 피치앤릴리 240ml</span></span><span class="box__itemcard-price-area"><span class="box__price-seller"><span class="for-a11y">판매가</span><strong class="text__price-seller">5,900</strong><span class="text__unit">원</span></span></span><span class="box__itemcard-info-score"><span class="sprite__smilefresh--before box__score-awards"><span class="for-a11y">평점</span><span class="text text__score">4.8</span><span class="for-a11y">후기</span><span class="text text__num">(157)</span><span class="for-a11y">건</span></span><span class="box__score-buycnt"><span class="text text__buy">구매</span><span class="text text__num">652</span><span class="for-a11y">건</span></span></span><span class="box__itemcard-benefit-tag"><span class="box__tag box__tag-coupon"><span class="sprite__smilefresh--before box__inner">15% 쿠폰</span></span></span></a><button type="button" class="sprite__smilefresh--after button__favorite-item" aria-describedby="itemCard_title_2519281240" aria-pressed="false" aria-label="관심상품 등록하기"></button></div></div></div></div></li><li class="list-item"><div class="box__itemcard-container"><div class="box__itemcard-body"><div class="box__itemcard-inner"><a class="link__itemcard" href="https://item.gmarket.co.kr/Item?goodscode=2522601149" tabindex="-1" aria-hidden="true"><span class="box__itemcard-img"><img class="image__itemcard no-js-400?ver=1725103309" src="data:image/gif;base64,R0lGODlhAQABAIAAAP///wAAACH5BAEAAAAALAAAAAABAAEAAAICRAEAOw==" alt="해태 썬키스트캔디317g - 상품 이미지"/><noscript><style>.no-js-400?ver=1725103309 { display: none !important; }</style><img class="image__itemcard" src="https://gdimg.gmarket.co.kr/2522601149/still/400?ver=1725103309" alt="해태 썬키스트캔디317g - 상품 이미지"/></noscript></span></a><div class="box__itemcard-info"><div class="box__element-info"><div class="element-info-qty"><button aria-describedby="itemCard_title_2522601149" class="sprite__smilefresh--before element-info-qty-minus" aria-disabled="true"><span class="for-a11y">상품 수 <!-- -->1<!-- --> 감소</span></button><span class="element-info-item-qty" aria-describedby="itemCard_title_2522601149"><span class="for-a11y">선택된 수량</span> <!-- -->1</span><button aria-describedby="itemCard_title_2522601149" class="sprite__smilefresh--before element-info-qty-plus"><span class="for-a11y">상품 수 <!-- -->1<!-- --> 증가</span></button></div><button type="button" class="sprite__smilefresh--before element-info-cart" aria-describedby="itemCard_title_2522601149"><span class="for-a11y">장바구니 담기</span></button></div><a href="https://item.gmarket.co.kr/Item?goodscode=2522601149" class="link__itemcard-info"><span class="box__itemcard-title-area" id="itemCard_title_2522601149"><span class="text__brand"><span class="text">해태제과</span></span><span class="text__title" id="item_title">해태 썬키스트캔디317g</span></span><span class="box__itemcard-price-area"><span class="box__price-seller"><span class="for-a11y">판매가</span><strong class="text__price-seller">3,980</strong><span class="text__unit">원</span></span></span><span class="box__itemcard-info-score"><span class="sprite__smilefresh--before box__score-awards"><span class="for-a11y">평점</span><span class="text text__score">4.8</span><span class="for-a11y">후기</span><span class="text text__num">(297)</span><span class="for-a11y">건</span></span><span class="box__score-buycnt"><span class="text text__buy">구매</span><span class="text text__num">1,111</span><span class="for-a11y">건</span></span></span><span class="box__itemcard-benefit-tag"><span class="box__tag box__tag-coupon"><span class="sprite__smilefresh--before box__inner">15% 쿠폰</span></span></span></a><button type="button" class="sprite__smilefresh--after button__favorite-item" aria-describedby="itemCard_title_2522601149" aria-pressed="false" aria-label="관심상품 등록하기"></button></div></div></div></div></li><li class="list-item"><div class="box__itemcard-container"><div class="box__itemcard-body"><div class="box__itemcard-inner"><a class="link__itemcard" href="https://item.gmarket.co.kr/Item?goodscode=2518729016" tabindex="-1" aria-hidden="true"><span class="box__itemcard-img"><img class="image__itemcard no-js-400?ver=1725092259" src="data:image/gif;base64,R0lGODlhAQABAIAAAP///wAAACH5BAEAAAAALAAAAAABAAEAAAICRAEAOw==" alt="롯데 스카치 캔디 세가지맛 317g - 상품 이미지"/><noscript><style>.no-js-400?ver=1725092259 { display: none !important; }</style><img class="image__itemcard" src="https://gdimg.gmarket.co.kr/2518729016/still/400?ver=1725092259" alt="롯데 스카치 캔디 세가지맛 317g - 상품 이미지"/></noscript></span></a><div class="box__itemcard-info"><div class="box__element-info"><div class="element-info-qty"><button aria-describedby="itemCard_title_2518729016" class="sprite__smilefresh--before element-info-qty-minus" aria-disabled="true"><span class="for-a11y">상품 수 <!-- -->1<!-- --> 감소</span></button><span class="element-info-item-qty" aria-describedby="itemCard_title_2518729016"><span class="for-a11y">선택된 수량</span> <!-- -->1</span><button aria-describedby="itemCard_title_2518729016" class="sprite__smilefresh--before element-info-qty-plus"><span class="for-a11y">상품 수 <!-- -->1<!-- --> 증가</span></button></div><button type="button" class="sprite__smilefresh--before element-info-cart" aria-describedby="itemCard_title_2518729016"><span class="for-a11y">장바구니 담기</span></button></div><a href="https://item.gmarket.co.kr/Item?goodscode=2518729016" class="link__itemcard-info"><span class="box__itemcard-title-area" id="itemCard_title_2518729016"><span class="text__brand"><span class="text">롯데웰푸드</span></span><span class="text__title" id="item_title">롯데 스카치 캔디 세가지맛 317g</span></span><span class="box__itemcard-price-area"><span class="box__price-seller"><span class="for-a11y">판매가</span><strong class="text__price-seller">3,980</strong><span class="text__unit">원</span></span></span><span class="box__itemcard-info-score"><span class="sprite__smilefresh--before box__score-awards"><span class="for-a11y">평점</span><span class="text text__score">4.7</span><span class="for-a11y">후기</span><span class="text text__num">(291)</span><span class="for-a11y">건</span></span><span class="box__score-buycnt"><span class="text text__buy">구매</span><span class="text text__num">841</span><span class="for-a11y">건</span></span></span><span class="box__itemcard-benefit-tag"><span class="box__tag box__tag-coupon"><span class="sprite__smilefresh--before box__inner">15% 쿠폰</span></span></span></a><button type="button" class="sprite__smilefresh--after button__favorite-item" aria-describedby="itemCard_title_2518729016" aria-pressed="false" aria-label="관심상품 등록하기"></button></div></div></div></div></li><li class="list-item"><div class="box__itemcard-container"><div class="box__itemcard-body"><div class="box__itemcard-inner"><a class="link__itemcard" href="https://item.gmarket.co.kr/Item?goodscode=2518976832" tabindex="-1" aria-hidden="true"><span class="box__itemcard-img"><img class="image__itemcard no-js-400?ver=1725120934" src="data:image/gif;base64,R0lGODlhAQABAIAAAP///wAAACH5BAEAAAAALAAAAAABAAEAAAICRAEAOw==" alt="리스테린 쿨민트마일드 250mL - 상품 이미지"/><noscript><style>.no-js-400?ver=1725120934 { display: none !important; }</style><img class="image__itemcard" src="https://gdimg.gmarket.co.kr/2518976832/still/400?ver=1725120934" alt="리스테린 쿨민트마일드 250mL - 상품 이미지"/></noscript></span></a><div class="box__itemcard-info"><div class="box__element-info"><div class="element-info-qty"><button aria-describedby="itemCard_title_2518976832" class="sprite__smilefresh--before element-info-qty-minus" aria-disabled="true"><span class="for-a11y">상품 수 <!-- -->1<!-- --> 감소</span></button><span class="element-info-item-qty" aria-describedby="itemCard_title_2518976832"><span class="for-a11y">선택된 수량</span> <!-- -->1</span><button aria-describedby="itemCard_title_2518976832" class="sprite__smilefresh--before element-info-qty-plus"><span class="for-a11y">상품 수 <!-- -->1<!-- --> 증가</span></button></div><button type="button" class="sprite__smilefresh--before element-info-cart" aria-describedby="itemCard_title_2518976832"><span class="for-a11y">장바구니 담기</span></button></div><a href="https://item.gmarket.co.kr/Item?goodscode=2518976832" class="link__itemcard-info"><span class="box__itemcard-title-area" id="itemCard_title_2518976832"><span class="text__brand"><span class="text">리스테린</span></span><span class="text__title" id="item_title">리스테린 쿨민트마일드 250mL</span></span><span class="box__itemcard-price-area"><span class="box__price-seller"><span class="for-a11y">판매가</span><strong class="text__price-seller">3,000</strong><span class="text__unit">원</span></span></span><span class="box__itemcard-info-score"><span class="sprite__smilefresh--before box__score-awards"><span class="for-a11y">평점</span><span class="text text__score">4.9</span><span class="for-a11y">후기</span><span class="text text__num">(24)</span><span class="for-a11y">건</span></span><span class="box__score-buycnt"><span class="text text__buy">구매</span><span class="text text__num">131</span><span class="for-a11y">건</span></span></span><span class="box__itemcard-benefit-tag"><span class="box__tag box__tag-coupon"><span class="sprite__smilefresh--before box__inner">15% 쿠폰</span></span></span></a><button type="button" class="sprite__smilefresh--after button__favorite-item" aria-describedby="itemCard_title_2518976832" aria-pressed="false" aria-label="관심상품 등록하기"></button></div></div></div></div></li><li class="list-item"><div class="box__itemcard-container"><div class="box__itemcard-body"><div class="box__itemcard-inner"><span class="box__thumbnail__label">2개 사면 할인</span><a class="link__itemcard" href="https://item.gmarket.co.kr/Item?goodscode=2519015468" tabindex="-1" aria-hidden="true"><span class="box__itemcard-img"><img class="image__itemcard no-js-400?ver=1725582085" src="data:image/gif;base64,R0lGODlhAQABAIAAAP///wAAACH5BAEAAAAALAAAAAABAAEAAAICRAEAOw==" alt="리스테린 내추럴 그린티 마일드 750mL 충치케어 순한맛 - 상품 이미지"/><noscript><style>.no-js-400?ver=1725582085 { display: none !important; }</style><img class="image__itemcard" src="https://gdimg.gmarket.co.kr/2519015468/still/400?ver=1725582085" alt="리스테린 내추럴 그린티 마일드 750mL 충치케어 순한맛 - 상품 이미지"/></noscript></span></a><div class="box__itemcard-info"><div class="box__element-info"><div class="element-info-qty"><button aria-describedby="itemCard_title_2519015468" class="sprite__smilefresh--before element-info-qty-minus" aria-disabled="true"><span class="for-a11y">상품 수 <!-- -->1<!-- --> 감소</span></button><span class="element-info-item-qty" aria-describedby="itemCard_title_2519015468"><span class="for-a11y">선택된 수량</span> <!-- -->1</span><button aria-describedby="itemCard_title_2519015468" class="sprite__smilefresh--before element-info-qty-plus"><span class="for-a11y">상품 수 <!-- -->1<!-- --> 증가</span></button></div><button type="button" class="sprite__smilefresh--before element-info-cart" aria-describedby="itemCard_title_2519015468"><span class="for-a11y">장바구니 담기</span></button></div><a href="https://item.gmarket.co.kr/Item?goodscode=2519015468" class="link__itemcard-info"><span class="box__itemcard-title-area" id="itemCard_title_2519015468"><span class="text__brand"><span class="text">리스테린</span></span><span class="text__title" id="item_title">리스테린 내추럴 그린티 마일드 750mL 충치케어 순한맛</span></span><span class="box__itemcard-price-area"><span class="box__price-seller"><span class="for-a11y">판매가</span><strong class="text__price-seller">9,900</strong><span class="text__unit">원</span></span></span><span class="box__itemcard-info-score"><span class="sprite__smilefresh--before box__score-awards"><span class="for-a11y">평점</span><span class="text text__score">4.7</span><span class="for-a11y">후기</span><span class="text text__num">(372)</span><span class="for-a11y">건</span></span><span class="box__score-buycnt"><span class="text text__buy">구매</span><span class="text text__num">1,456</span><span class="for-a11y">건</span></span></span><span class="box__itemcard-benefit-tag"><span class="box__tag box__tag-coupon"><span class="sprite__smilefresh--before box__inner">15% 쿠폰</span></span></span></a><button type="button" class="sprite__smilefresh--after button__favorite-item" aria-describedby="itemCard_title_2519015468" aria-pressed="false" aria-label="관심상품 등록하기"></button></div></div></div></div></li><li class="list-item"><div class="box__itemcard-container"><div class="box__itemcard-body"><div class="box__itemcard-inner"><a class="link__itemcard" href="https://item.gmarket.co.kr/Item?goodscode=2522414208" tabindex="-1" aria-hidden="true"><span class="box__itemcard-img"><img class="image__itemcard no-js-400?ver=1725101289" src="data:image/gif;base64,R0lGODlhAQABAIAAAP///wAAACH5BAEAAAAALAAAAAABAAEAAAICRAEAOw==" alt="소와나무 체다치즈클래식204g - 상품 이미지"/><noscript><style>.no-js-400?ver=1725101289 { display: none !important; }</style><img class="image__itemcard" src="https://gdimg.gmarket.co.kr/2522414208/still/400?ver=1725101289" alt="소와나무 체다치즈클래식204g - 상품 이미지"/></noscript></span></a><div class="box__itemcard-info"><div class="box__element-info"><div class="element-info-qty"><button aria-describedby="itemCard_title_2522414208" class="sprite__smilefresh--before element-info-qty-minus" aria-disabled="true"><span class="for-a11y">상품 수 <!-- -->1<!-- --> 감소</span></button><span class="element-info-item-qty" aria-describedby="itemCard_title_2522414208"><span class="for-a11y">선택된 수량</span> <!-- -->1</span><button aria-describedby="itemCard_title_2522414208" class="sprite__smilefresh--before element-info-qty-plus"><span class="for-a11y">상품 수 <!-- -->1<!-- --> 증가</span></button></div><button type="button" class="sprite__smilefresh--before element-info-cart" aria-describedby="itemCard_title_2522414208"><span class="for-a11y">장바구니 담기</span></button></div><a href="https://item.gmarket.co.kr/Item?goodscode=2522414208" class="link__itemcard-info"><span class="box__itemcard-title-area" id="itemCard_title_2522414208"><span class="text__brand"><span class="text">동원</span></span><span class="text__title" id="item_title">소와나무 체다치즈클래식204g</span></span><span class="box__itemcard-price-area"><span class="box__price-seller"><span class="for-a11y">판매가</span><strong class="text__price-seller">4,280</strong><span class="text__unit">원</span></span><span class="box__prime-cost"><span class="for-a11y">원가</span><span class="text__unit-cost">(<!-- -->10g당 210원<!-- -->)</span></span></span><span class="box__itemcard-info-score"><span class="sprite__smilefresh--before box__score-awards"><span class="for-a11y">평점</span><span class="text text__score">4.8</span><span class="for-a11y">후기</span><span class="text text__num">(616)</span><span class="for-a11y">건</span></span><span class="box__score-buycnt"><span class="text text__buy">구매</span><span class="text text__num">2,384</span><span class="for-a11y">건</span></span></span><span class="box__itemcard-benefit-tag"><span class="box__tag box__tag-coupon"><span class="sprite__smilefresh--before box__inner">15% 쿠폰</span></span></span></a><button type="button" class="sprite__smilefresh--after button__favorite-item" aria-describedby="itemCard_title_2522414208" aria-pressed="false" aria-label="관심상품 등록하기"></button></div></div></div></div></li><li class="list-item"><div class="box__itemcard-container"><div class="box__itemcard-body"><div class="box__itemcard-inner"><span class="box__thumbnail__label">2개 사면 할인</span><a class="link__itemcard" href="https://item.gmarket.co.kr/Item?goodscode=2522450945" tabindex="-1" aria-hidden="true"><span class="box__itemcard-img"><img class="image__itemcard no-js-400?ver=1725101532" src="data:image/gif;base64,R0lGODlhAQABAIAAAP///wAAACH5BAEAAAAALAAAAAABAAEAAAICRAEAOw==" alt="히말라야 핑크솔트 펌핑치약 플로럴민트 285G - 상품 이미지"/><noscript><style>.no-js-400?ver=1725101532 { display: none !important; }</style><img class="image__itemcard" src="https://gdimg.gmarket.co.kr/2522450945/still/400?ver=1725101532" alt="히말라야 핑크솔트 펌핑치약 플로럴민트 285G - 상품 이미지"/></noscript></span></a><div class="box__itemcard-info"><div class="box__element-info"><div class="element-info-qty"><button aria-describedby="itemCard_title_2522450945" class="sprite__smilefresh--before element-info-qty-minus" aria-disabled="true"><span class="for-a11y">상품 수 <!-- -->1<!-- --> 감소</span></button><span class="element-info-item-qty" aria-describedby="itemCard_title_2522450945"><span class="for-a11y">선택된 수량</span> <!-- -->1</span><button aria-describedby="itemCard_title_2522450945" class="sprite__smilefresh--before element-info-qty-plus"><span class="for-a11y">상품 수 <!-- -->1<!-- --> 증가</span></button></div><button type="button" class="sprite__smilefresh--before element-info-cart" aria-describedby="itemCard_title_2522450945"><span class="for-a11y">장바구니 담기</span></button></div><a href="https://item.gmarket.co.kr/Item?goodscode=2522450945" class="link__itemcard-info"><span class="box__itemcard-title-area" id="itemCard_title_2522450945"><span class="text__brand"><span class="text">페리오</span></span><span class="text__title" id="item_title">히말라야 핑크솔트 펌핑치약 플로럴민트 285G</span></span><span class="box__itemcard-price-area"><span class="box__price-seller"><span class="for-a11y">판매가</span><strong class="text__price-seller">14,900</strong><span class="text__unit">원</span></span></span><span class="box__itemcard-info-score"><span class="sprite__smilefresh--before box__score-awards"><span class="for-a11y">평점</span><span class="text text__score">4.8</span><span class="for-a11y">후기</span><span class="text text__num">(117)</span><span class="for-a11y">건</span></span><span class="box__score-buycnt"><span class="text text__buy">구매</span><span class="text text__num">743</span><span class="for-a11y">건</span></span></span><span class="box__itemcard-benefit-tag"><span class="box__tag box__tag-coupon"><span class="sprite__smilefresh--before box__inner">15% 쿠폰</span></span></span></a><button type="button" class="sprite__smilefresh--after button__favorite-item" aria-describedby="itemCard_title_2522450945" aria-pressed="false" aria-label="관심상품 등록하기"></button></div></div></div></div></li><li class="list-item"><div class="box__itemcard-container"><div class="box__itemcard-body"><div class="box__itemcard-inner"><a class="link__itemcard" href="https://item.gmarket.co.kr/Item?goodscode=2522677362" tabindex="-1" aria-hidden="true"><span class="box__itemcard-img"><img class="image__itemcard no-js-400?ver=1725103946" src="data:image/gif;base64,R0lGODlhAQABAIAAAP///wAAACH5BAEAAAAALAAAAAABAAEAAAICRAEAOw==" alt="진주햄 천하장사 오리지날 448g - 상품 이미지"/><noscript><style>.no-js-400?ver=1725103946 { display: none !important; }</style><img class="image__itemcard" src="https://gdimg.gmarket.co.kr/2522677362/still/400?ver=1725103946" alt="진주햄 천하장사 오리지날 448g - 상품 이미지"/></noscript></span></a><div class="box__itemcard-info"><div class="box__element-info"><div class="element-info-qty"><button aria-describedby="itemCard_title_2522677362" class="sprite__smilefresh--before element-info-qty-minus" aria-disabled="true"><span class="for-a11y">상품 수 <!-- -->1<!-- --> 감소</span></button><span class="element-info-item-qty" aria-describedby="itemCard_title_2522677362"><span class="for-a11y">선택된 수량</span> <!-- -->1</span><button aria-describedby="itemCard_title_2522677362" class="sprite__smilefresh--before element-info-qty-plus"><span class="for-a11y">상품 수 <!-- -->1<!-- --> 증가</span></button></div><button type="button" class="sprite__smilefresh--before element-info-cart" aria-describedby="itemCard_title_2522677362"><span class="for-a11y">장바구니 담기</span></button></div><a href="https://item.gmarket.co.kr/Item?goodscode=2522677362" class="link__itemcard-info"><span class="box__itemcard-title-area" id="itemCard_title_2522677362"><span class="text__brand"><span class="text">진주햄</span></span><span class="text__title" id="item_title">진주햄 천하장사 오리지날 448g</span></span><span class="box__itemcard-price-area"><span class="box__price-seller"><span class="for-a11y">판매가</span><strong class="text__price-seller">7,980</strong><span class="text__unit">원</span></span><span class="box__prime-cost"><span class="for-a11y">원가</span><span class="text__unit-cost">(<!-- -->10g당 178원<!-- -->)</span></span></span><span class="box__itemcard-info-score"><span class="sprite__smilefresh--before box__score-awards"><span class="for-a11y">평점</span><span class="text text__score">4.8</span><span class="for-a11y">후기</span><span class="text text__num">(659)</span><span class="for-a11y">건</span></span><span class="box__score-buycnt"><span class="text text__buy">구매</span><span class="text text__num">3,081</span><span class="for-a11y">건</span></span></span><span class="box__itemcard-benefit-tag"><span class="box__tag box__tag-coupon"><span class="sprite__smilefresh--before box__inner">15% 쿠폰</span></span></span></a><button type="button" class="sprite__smilefresh--after button__favorite-item" aria-describedby="itemCard_title_2522677362" aria-pressed="false" aria-label="관심상품 등록하기"></button></div></div></div></div></li><li class="list-item"><div class="box__itemcard-container"><div class="box__itemcard-body"><div class="box__itemcard-inner"><span class="box__thumbnail__label">2개 사면 할인</span><a class="link__itemcard" href="https://item.gmarket.co.kr/Item?goodscode=2522804237" tabindex="-1" aria-hidden="true"><span class="box__itemcard-img"><img class="image__itemcard no-js-400?ver=1725105094" src="data:image/gif;base64,R0lGODlhAQABAIAAAP///wAAACH5BAEAAAAALAAAAAABAAEAAAICRAEAOw==" alt="히말라야 핑크솔트 담은칫솔(그린티) 4입 - 상품 이미지"/><noscript><style>.no-js-400?ver=1725105094 { display: none !important; }</style><img class="image__itemcard" src="https://gdimg.gmarket.co.kr/2522804237/still/400?ver=1725105094" alt="히말라야 핑크솔트 담은칫솔(그린티) 4입 - 상품 이미지"/></noscript></span></a><div class="box__itemcard-info"><div class="box__element-info"><div class="element-info-qty"><button aria-describedby="itemCard_title_2522804237" class="sprite__smilefresh--before element-info-qty-minus" aria-disabled="true"><span class="for-a11y">상품 수 <!-- -->1<!-- --> 감소</span></button><span class="element-info-item-qty" aria-describedby="itemCard_title_2522804237"><span class="for-a11y">선택된 수량</span> <!-- -->1</span><button aria-describedby="itemCard_title_2522804237" class="sprite__smilefresh--before element-info-qty-plus"><span class="for-a11y">상품 수 <!-- -->1<!-- --> 증가</span></button></div><button type="button" class="sprite__smilefresh--before element-info-cart" aria-describedby="itemCard_title_2522804237"><span class="for-a11y">장바구니 담기</span></button></div><a href="https://item.gmarket.co.kr/Item?goodscode=2522804237" class="link__itemcard-info"><span class="box__itemcard-title-area" id="itemCard_title_2522804237"><span class="text__brand"><span class="text">페리오</span></span><span class="text__title" id="item_title">히말라야 핑크솔트 담은칫솔(그린티) 4입</span></span><span class="box__itemcard-price-area"><span class="box__price-seller"><span class="for-a11y">판매가</span><strong class="text__price-seller">14,900</strong><span class="text__unit">원</span></span></span><span class="box__itemcard-info-score"><span class="sprite__smilefresh--before box__score-awards"><span class="for-a11y">평점</span><span class="text text__score">4.6</span><span class="for-a11y">후기</span><span class="text text__num">(28)</span><span class="for-a11y">건</span></span><span class="box__score-buycnt"><span class="text text__buy">구매</span><span class="text text__num">164</span><span class="for-a11y">건</span></span></span><span class="box__itemcard-benefit-tag"><span class="box__tag box__tag-coupon"><span class="sprite__smilefresh--before box__inner">15% 쿠폰</span></span></span></a><button type="button" class="sprite__smilefresh--after button__favorite-item" aria-describedby="itemCard_title_2522804237" aria-pressed="false" aria-label="관심상품 등록하기"></button></div></div></div></div></li><li class="list-item"><div class="box__itemcard-container"><div class="box__itemcard-body"><div class="box__itemcard-inner"><span class="box__thumbnail__label">2개 사면 할인</span><a class="link__itemcard" href="https://item.gmarket.co.kr/Item?goodscode=2523200904" tabindex="-1" aria-hidden="true"><span class="box__itemcard-img"><img class="image__itemcard no-js-400?ver=1725117844" src="data:image/gif;base64,R0lGODlhAQABAIAAAP///wAAACH5BAEAAAAALAAAAAABAAEAAAICRAEAOw==" alt="아크네스 클리어앤화이트 크리미워시 - 상품 이미지"/><noscript><style>.no-js-400?ver=1725117844 { display: none !important; }</style><img class="image__itemcard" src="https://gdimg.gmarket.co.kr/2523200904/still/400?ver=1725117844" alt="아크네스 클리어앤화이트 크리미워시 - 상품 이미지"/></noscript></span></a><div class="box__itemcard-info"><div class="box__element-info"><div class="element-info-qty"><button aria-describedby="itemCard_title_2523200904" class="sprite__smilefresh--before element-info-qty-minus" aria-disabled="true"><span class="for-a11y">상품 수 <!-- -->1<!-- --> 감소</span></button><span class="element-info-item-qty" aria-describedby="itemCard_title_2523200904"><span class="for-a11y">선택된 수량</span> <!-- -->1</span><button aria-describedby="itemCard_title_2523200904" class="sprite__smilefresh--before element-info-qty-plus"><span class="for-a11y">상품 수 <!-- -->1<!-- --> 증가</span></button></div><button type="button" class="sprite__smilefresh--before element-info-cart" aria-describedby="itemCard_title_2523200904"><span class="for-a11y">장바구니 담기</span></button></div><a href="https://item.gmarket.co.kr/Item?goodscode=2523200904" class="link__itemcard-info"><span class="box__itemcard-title-area" id="itemCard_title_2523200904"><span class="text__brand"><span class="text">아크네스</span></span><span class="text__title" id="item_title">아크네스 클리어앤화이트 크리미워시</span></span><span class="box__itemcard-price-area"><span class="box__price-seller"><span class="for-a11y">판매가</span><strong class="text__price-seller">13,500</strong><span class="text__unit">원</span></span></span><span class="box__itemcard-info-score"><span class="sprite__smilefresh--before box__score-awards"><span class="for-a11y">평점</span><span class="text text__score">4.6</span><span class="for-a11y">후기</span><span class="text text__num">(6)</span><span class="for-a11y">건</span></span><span class="box__score-buycnt"><span class="text text__buy">구매</span><span class="text text__num">35</span><span class="for-a11y">건</span></span></span><span class="box__itemcard-benefit-tag"><span class="box__tag box__tag-coupon"><span class="sprite__smilefresh--before box__inner">15% 쿠폰</span></span></span></a><button type="button" class="sprite__smilefresh--after button__favorite-item" aria-describedby="itemCard_title_2523200904" aria-pressed="false" aria-label="관심상품 등록하기"></button></div></div></div></div></li><li class="list-item"><div class="box__itemcard-container"><div class="box__itemcard-body"><div class="box__itemcard-inner"><span class="box__thumbnail__label">2개 사면 할인</span><a class="link__itemcard" href="https://item.gmarket.co.kr/Item?goodscode=2611416821" tabindex="-1" aria-hidden="true"><span class="box__itemcard-img"><img class="image__itemcard no-js-400?ver=1725124527" src="data:image/gif;base64,R0lGODlhAQABAIAAAP///wAAACH5BAEAAAAALAAAAAABAAEAAAICRAEAOw==" alt="폰즈 딥클렌징폼 클리어스파 200ml - 상품 이미지"/><noscript><style>.no-js-400?ver=1725124527 { display: none !important; }</style><img class="image__itemcard" src="https://gdimg.gmarket.co.kr/2611416821/still/400?ver=1725124527" alt="폰즈 딥클렌징폼 클리어스파 200ml - 상품 이미지"/></noscript></span></a><div class="box__itemcard-info"><div class="box__element-info"><div class="element-info-qty"><button aria-describedby="itemCard_title_2611416821" class="sprite__smilefresh--before element-info-qty-minus" aria-disabled="true"><span class="for-a11y">상품 수 <!-- -->1<!-- --> 감소</span></button><span class="element-info-item-qty" aria-describedby="itemCard_title_2611416821"><span class="for-a11y">선택된 수량</span> <!-- -->1</span><button aria-describedby="itemCard_title_2611416821" class="sprite__smilefresh--before element-info-qty-plus"><span class="for-a11y">상품 수 <!-- -->1<!-- --> 증가</span></button></div><button type="button" class="sprite__smilefresh--before element-info-cart" aria-describedby="itemCard_title_2611416821"><span class="for-a11y">장바구니 담기</span></button></div><a href="https://item.gmarket.co.kr/Item?goodscode=2611416821" class="link__itemcard-info"><span class="box__itemcard-title-area" id="itemCard_title_2611416821"><span class="text__brand"><span class="text">폰즈</span></span><span class="text__title" id="item_title">폰즈 딥클렌징폼 클리어스파 200ml</span></span><span class="box__itemcard-price-area"><span class="box__price-seller"><span class="for-a11y">판매가</span><strong class="text__price-seller">12,900</strong><span class="text__unit">원</span></span></span><span class="box__itemcard-info-score"><span class="sprite__smilefresh--before box__score-awards"><span class="for-a11y">평점</span><span class="text text__score">4.8</span><span class="for-a11y">후기</span><span class="text text__num">(45)</span><span class="for-a11y">건</span></span><span class="box__score-buycnt"><span class="text text__buy">구매</span><span class="text text__num">193</span><span class="for-a11y">건</span></span></span><span class="box__itemcard-benefit-tag"><span class="box__tag box__tag-coupon"><span class="sprite__smilefresh--before box__inner">15% 쿠폰</span></span></span></a><button type="button" class="sprite__smilefresh--after button__favorite-item" aria-describedby="itemCard_title_2611416821" aria-pressed="false" aria-label="관심상품 등록하기"></button></div></div></div></div></li><li class="list-item"><div class="box__itemcard-container"><div class="box__itemcard-body"><div class="box__itemcard-inner"><a class="link__itemcard" href="https://item.gmarket.co.kr/Item?goodscode=2518823219" tabindex="-1" aria-hidden="true"><span class="box__itemcard-img"><img class="image__itemcard no-js-400?ver=1725254122" src="data:image/gif;base64,R0lGODlhAQABAIAAAP///wAAACH5BAEAAAAALAAAAAABAAEAAAICRAEAOw==" alt="해태 자두캔디 130g - 상품 이미지"/><noscript><style>.no-js-400?ver=1725254122 { display: none !important; }</style><img class="image__itemcard" src="https://gdimg.gmarket.co.kr/2518823219/still/400?ver=1725254122" alt="해태 자두캔디 130g - 상품 이미지"/></noscript></span></a><div class="box__itemcard-info"><div class="box__element-info"><div class="element-info-qty"><button aria-describedby="itemCard_title_2518823219" class="sprite__smilefresh--before element-info-qty-minus" aria-disabled="true"><span class="for-a11y">상품 수 <!-- -->1<!-- --> 감소</span></button><span class="element-info-item-qty" aria-describedby="itemCard_title_2518823219"><span class="for-a11y">선택된 수량</span> <!-- -->1</span><button aria-describedby="itemCard_title_2518823219" class="sprite__smilefresh--before element-info-qty-plus"><span class="for-a11y">상품 수 <!-- -->1<!-- --> 증가</span></button></div><button type="button" class="sprite__smilefresh--before element-info-cart" aria-describedby="itemCard_title_2518823219"><span class="for-a11y">장바구니 담기</span></button></div><a href="https://item.gmarket.co.kr/Item?goodscode=2518823219" class="link__itemcard-info"><span class="box__itemcard-title-area" id="itemCard_title_2518823219"><span class="text__brand"><span class="text">해태제과</span></span><span class="text__title" id="item_title">해태 자두캔디 130g</span></span><span class="box__itemcard-price-area"><span class="box__price-seller"><span class="for-a11y">판매가</span><strong class="text__price-seller">1,680</strong><span class="text__unit">원</span></span></span><span class="box__itemcard-info-score"><span class="sprite__smilefresh--before box__score-awards"><span class="for-a11y">평점</span><span class="text text__score">4.7</span><span class="for-a11y">후기</span><span class="text text__num">(284)</span><span class="for-a11y">건</span></span><span class="box__score-buycnt"><span class="text text__buy">구매</span><span class="text text__num">1,222</span><span class="for-a11y">건</span></span></span><span class="box__itemcard-benefit-tag"><span class="box__tag box__tag-coupon"><span class="sprite__smilefresh--before box__inner">15% 쿠폰</span></span></span></a><button type="button" class="sprite__smilefresh--after button__favorite-item" aria-describedby="itemCard_title_2518823219" aria-pressed="false" aria-label="관심상품 등록하기"></button></div></div></div></div></li><li class="list-item"><div class="box__itemcard-container"><div class="box__itemcard-body"><div class="box__itemcard-inner"><a class="link__itemcard" href="https://item.gmarket.co.kr/Item?goodscode=2519085661" tabindex="-1" aria-hidden="true"><span class="box__itemcard-img"><img class="image__itemcard no-js-400?ver=1725099862" src="data:image/gif;base64,R0lGODlhAQABAIAAAP///wAAACH5BAEAAAAALAAAAAABAAEAAAICRAEAOw==" alt="매일 아몬드브리즈 오리지널 950ml - 상품 이미지"/><noscript><style>.no-js-400?ver=1725099862 { display: none !important; }</style><img class="image__itemcard" src="https://gdimg.gmarket.co.kr/2519085661/still/400?ver=1725099862" alt="매일 아몬드브리즈 오리지널 950ml - 상품 이미지"/></noscript></span></a><div class="box__itemcard-info"><div class="box__element-info"><div class="element-info-qty"><button aria-describedby="itemCard_title_2519085661" class="sprite__smilefresh--before element-info-qty-minus" aria-disabled="true"><span class="for-a11y">상품 수 <!-- -->1<!-- --> 감소</span></button><span class="element-info-item-qty" aria-describedby="itemCard_title_2519085661"><span class="for-a11y">선택된 수량</span> <!-- -->1</span><button aria-describedby="itemCard_title_2519085661" class="sprite__smilefresh--before element-info-qty-plus"><span class="for-a11y">상품 수 <!-- -->1<!-- --> 증가</span></button></div><button type="button" class="sprite__smilefresh--before element-info-cart" aria-describedby="itemCard_title_2519085661"><span class="for-a11y">장바구니 담기</span></button></div><a href="https://item.gmarket.co.kr/Item?goodscode=2519085661" class="link__itemcard-info"><span class="box__itemcard-title-area" id="itemCard_title_2519085661"><span class="text__brand"><span class="text">매일유업</span></span><span class="text__title" id="item_title">매일 아몬드브리즈 오리지널 950ml</span></span><span class="box__itemcard-price-area"><span class="box__price-seller"><span class="for-a11y">판매가</span><strong class="text__price-seller">5,080</strong><span class="text__unit">원</span></span><span class="box__prime-cost"><span class="for-a11y">원가</span><span class="text__unit-cost">(<!-- -->100mL당 535원<!-- -->)</span></span></span><span class="box__itemcard-info-score"><span class="sprite__smilefresh--before box__score-awards"><span class="for-a11y">평점</span><span class="text text__score">4.9</span><span class="for-a11y">후기</span><span class="text text__num">(81)</span><span class="for-a11y">건</span></span><span class="box__score-buycnt"><span class="text text__buy">구매</span><span class="text text__num">587</span><span class="for-a11y">건</span></span></span><span class="box__itemcard-benefit-tag"><span class="box__tag box__tag-coupon"><span class="sprite__smilefresh--before box__inner">15% 쿠폰</span></span></span></a><button type="button" class="sprite__smilefresh--after button__favorite-item" aria-describedby="itemCard_title_2519085661" aria-pressed="false" aria-label="관심상품 등록하기"></button></div></div></div></div></li><li class="list-item"><div class="box__itemcard-container"><div class="box__itemcard-body"><div class="box__itemcard-inner"><a class="link__itemcard" href="https://item.gmarket.co.kr/Item?goodscode=2519116933" tabindex="-1" aria-hidden="true"><span class="box__itemcard-img"><img class="image__itemcard no-js-400?ver=1725114633" src="data:image/gif;base64,R0lGODlhAQABAIAAAP///wAAACH5BAEAAAAALAAAAAABAAEAAAICRAEAOw==" alt="덴마크 후레쉬 모짜렐라 125g - 상품 이미지"/><noscript><style>.no-js-400?ver=1725114633 { display: none !important; }</style><img class="image__itemcard" src="https://gdimg.gmarket.co.kr/2519116933/still/400?ver=1725114633" alt="덴마크 후레쉬 모짜렐라 125g - 상품 이미지"/></noscript></span></a><div class="box__itemcard-info"><div class="box__element-info"><div class="element-info-qty"><button aria-describedby="itemCard_title_2519116933" class="sprite__smilefresh--before element-info-qty-minus" aria-disabled="true"><span class="for-a11y">상품 수 <!-- -->1<!-- --> 감소</span></button><span class="element-info-item-qty" aria-describedby="itemCard_title_2519116933"><span class="for-a11y">선택된 수량</span> <!-- -->1</span><button aria-describedby="itemCard_title_2519116933" class="sprite__smilefresh--before element-info-qty-plus"><span class="for-a11y">상품 수 <!-- -->1<!-- --> 증가</span></button></div><button type="button" class="sprite__smilefresh--before element-info-cart" aria-describedby="itemCard_title_2519116933"><span class="for-a11y">장바구니 담기</span></button></div><a href="https://item.gmarket.co.kr/Item?goodscode=2519116933" class="link__itemcard-info"><span class="box__itemcard-title-area" id="itemCard_title_2519116933"><span class="text__brand"><span class="text">동원</span></span><span class="text__title" id="item_title">덴마크 후레쉬 모짜렐라 125g</span></span><span class="box__itemcard-price-area"><span class="box__price-seller"><span class="for-a11y">판매가</span><strong class="text__price-seller">5,680</strong><span class="text__unit">원</span></span><span class="box__prime-cost"><span class="for-a11y">원가</span><span class="text__unit-cost">(<!-- -->10g당 454원<!-- -->)</span></span></span><span class="box__itemcard-info-score"><span class="sprite__smilefresh--before box__score-awards"><span class="for-a11y">평점</span><span class="text text__score">4.7</span><span class="for-a11y">후기</span><span class="text text__num">(115)</span><span class="for-a11y">건</span></span><span class="box__score-buycnt"><span class="text text__buy">구매</span><span class="text text__num">453</span><span class="for-a11y">건</span></span></span><span class="box__itemcard-benefit-tag"><span class="box__tag box__tag-coupon"><span class="sprite__smilefresh--before box__inner">15% 쿠폰</span></span></span></a><button type="button" class="sprite__smilefresh--after button__favorite-item" aria-describedby="itemCard_title_2519116933" aria-pressed="false" aria-label="관심상품 등록하기"></button></div></div></div></div></li><li class="list-item"><div class="box__itemcard-container"><div class="box__itemcard-body"><div class="box__itemcard-inner"><span class="box__thumbnail__label">2개 사면 할인</span><a class="link__itemcard" href="https://item.gmarket.co.kr/Item?goodscode=2519281767" tabindex="-1" aria-hidden="true"><span class="box__itemcard-img"><img class="image__itemcard no-js-400?ver=1725120929" src="data:image/gif;base64,R0lGODlhAQABAIAAAP///wAAACH5BAEAAAAALAAAAAABAAEAAAICRAEAOw==" alt="도브 포밍 핸드워시 피치앤릴리 리필 430ml - 상품 이미지"/><noscript><style>.no-js-400?ver=1725120929 { display: none !important; }</style><img class="image__itemcard" src="https://gdimg.gmarket.co.kr/2519281767/still/400?ver=1725120929" alt="도브 포밍 핸드워시 피치앤릴리 리필 430ml - 상품 이미지"/></noscript></span></a><div class="box__itemcard-info"><div class="box__element-info"><div class="element-info-qty"><button aria-describedby="itemCard_title_2519281767" class="sprite__smilefresh--before element-info-qty-minus" aria-disabled="true"><span class="for-a11y">상품 수 <!-- -->1<!-- --> 감소</span></button><span class="element-info-item-qty" aria-describedby="itemCard_title_2519281767"><span class="for-a11y">선택된 수량</span> <!-- -->1</span><button aria-describedby="itemCard_title_2519281767" class="sprite__smilefresh--before element-info-qty-plus"><span class="for-a11y">상품 수 <!-- -->1<!-- --> 증가</span></button></div><button type="button" class="sprite__smilefresh--before element-info-cart" aria-describedby="itemCard_title_2519281767"><span class="for-a11y">장바구니 담기</span></button></div><a href="https://item.gmarket.co.kr/Item?goodscode=2519281767" class="link__itemcard-info"><span class="box__itemcard-title-area" id="itemCard_title_2519281767"><span class="text__brand"><span class="text">도브</span></span><span class="text__title" id="item_title">도브 포밍 핸드워시 피치앤릴리 리필 430ml</span></span><span class="box__itemcard-price-area"><span class="box__price-seller"><span class="for-a11y">판매가</span><strong class="text__price-seller">6,900</strong><span class="text__unit">원</span></span></span><span class="box__itemcard-info-score"><span class="sprite__smilefresh--before box__score-awards"><span class="for-a11y">평점</span><span class="text text__score">4.7</span><span class="for-a11y">후기</span><span class="text text__num">(75)</span><span class="for-a11y">건</span></span><span class="box__score-buycnt"><span class="text text__buy">구매</span><span class="text text__num">316</span><span class="for-a11y">건</span></span></span><span class="box__itemcard-benefit-tag"><span class="box__tag box__tag-coupon"><span class="sprite__smilefresh--before box__inner">15% 쿠폰</span></span></span></a><button type="button" class="sprite__smilefresh--after button__favorite-item" aria-describedby="itemCard_title_2519281767" aria-pressed="false" aria-label="관심상품 등록하기"></button></div></div></div></div></li><li class="list-item"><div class="box__itemcard-container"><div class="box__itemcard-body"><div class="box__itemcard-inner"><a class="link__itemcard" href="https://item.gmarket.co.kr/Item?goodscode=2522883459" tabindex="-1" aria-hidden="true"><span class="box__itemcard-img"><img class="image__itemcard no-js-400?ver=1725100603" src="data:image/gif;base64,R0lGODlhAQABAIAAAP///wAAACH5BAEAAAAALAAAAAABAAEAAAICRAEAOw==" alt="리콜라 레몬민트 100g - 상품 이미지"/><noscript><style>.no-js-400?ver=1725100603 { display: none !important; }</style><img class="image__itemcard" src="https://gdimg.gmarket.co.kr/2522883459/still/400?ver=1725100603" alt="리콜라 레몬민트 100g - 상품 이미지"/></noscript></span></a><div class="box__itemcard-info"><div class="box__element-info"><div class="element-info-qty"><button aria-describedby="itemCard_title_2522883459" class="sprite__smilefresh--before element-info-qty-minus" aria-disabled="true"><span class="for-a11y">상품 수 <!-- -->1<!-- --> 감소</span></button><span class="element-info-item-qty" aria-describedby="itemCard_title_2522883459"><span class="for-a11y">선택된 수량</span> <!-- -->1</span><button aria-describedby="itemCard_title_2522883459" class="sprite__smilefresh--before element-info-qty-plus"><span class="for-a11y">상품 수 <!-- -->1<!-- --> 증가</span></button></div><button type="button" class="sprite__smilefresh--before element-info-cart" aria-describedby="itemCard_title_2522883459"><span class="for-a11y">장바구니 담기</span></button></div><a href="https://item.gmarket.co.kr/Item?goodscode=2522883459" class="link__itemcard-info"><span class="box__itemcard-title-area" id="itemCard_title_2522883459"><span class="text__brand"><span class="text">리콜라</span></span><span class="text__title" id="item_title">리콜라 레몬민트 100g</span></span><span class="box__itemcard-price-area"><span class="box__price-seller"><span class="for-a11y">판매가</span><strong class="text__price-seller">5,180</strong><span class="text__unit">원</span></span></span><span class="box__itemcard-info-score"><span class="sprite__smilefresh--before box__score-awards"><span class="for-a11y">평점</span><span class="text text__score">4.8</span><span class="for-a11y">후기</span><span class="text text__num">(48)</span><span class="for-a11y">건</span></span><span class="box__score-buycnt"><span class="text text__buy">구매</span><span class="text text__num">277</span><span class="for-a11y">건</span></span></span><span class="box__itemcard-benefit-tag"><span class="box__tag box__tag-coupon"><span class="sprite__smilefresh--before box__inner">15% 쿠폰</span></span></span></a><button type="button" class="sprite__smilefresh--after button__favorite-item" aria-describedby="itemCard_title_2522883459" aria-pressed="false" aria-label="관심상품 등록하기"></button></div></div></div></div></li><li class="list-item"><div class="box__itemcard-container"><div class="box__itemcard-body"><div class="box__itemcard-inner"><a class="link__itemcard" href="https://item.gmarket.co.kr/Item?goodscode=2718064438" tabindex="-1" aria-hidden="true"><span class="box__itemcard-img"><img class="image__itemcard no-js-400?ver=1725099630" src="data:image/gif;base64,R0lGODlhAQABAIAAAP///wAAACH5BAEAAAAALAAAAAABAAEAAAICRAEAOw==" alt="매일 아몬드브리즈 언스위트 950ml - 상품 이미지"/><noscript><style>.no-js-400?ver=1725099630 { display: none !important; }</style><img class="image__itemcard" src="https://gdimg.gmarket.co.kr/2718064438/still/400?ver=1725099630" alt="매일 아몬드브리즈 언스위트 950ml - 상품 이미지"/></noscript></span></a><div class="box__itemcard-info"><div class="box__element-info"><div class="element-info-qty"><button aria-describedby="itemCard_title_2718064438" class="sprite__smilefresh--before element-info-qty-minus" aria-disabled="true"><span class="for-a11y">상품 수 <!-- -->1<!-- --> 감소</span></button><span class="element-info-item-qty" aria-describedby="itemCard_title_2718064438"><span class="for-a11y">선택된 수량</span> <!-- -->1</span><button aria-describedby="itemCard_title_2718064438" class="sprite__smilefresh--before element-info-qty-plus"><span class="for-a11y">상품 수 <!-- -->1<!-- --> 증가</span></button></div><button type="button" class="sprite__smilefresh--before element-info-cart" aria-describedby="itemCard_title_2718064438"><span class="for-a11y">장바구니 담기</span></button></div><a href="https://item.gmarket.co.kr/Item?goodscode=2718064438" class="link__itemcard-info"><span class="box__itemcard-title-area" id="itemCard_title_2718064438"><span class="text__title" id="item_title">매일 아몬드브리즈 언스위트 950ml</span></span><span class="box__itemcard-price-area"><span class="box__price-seller"><span class="for-a11y">판매가</span><strong class="text__price-seller">5,080</strong><span class="text__unit">원</span></span></span><span class="box__itemcard-info-score"><span class="sprite__smilefresh--before box__score-awards"><span class="for-a11y">평점</span><span class="text text__score">4.6</span><span class="for-a11y">후기</span><span class="text text__num">(66)</span><span class="for-a11y">건</span></span><span class="box__score-buycnt"><span class="text text__buy">구매</span><span class="text text__num">242</span><span class="for-a11y">건</span></span></span><span class="box__itemcard-benefit-tag"><span class="box__tag box__tag-coupon"><span class="sprite__smilefresh--before box__inner">15% 쿠폰</span></span></span></a><button type="button" class="sprite__smilefresh--after button__favorite-item" aria-describedby="itemCard_title_2718064438" aria-pressed="false" aria-label="관심상품 등록하기"></button></div></div></div></div></li><li class="list-item"><div class="box__itemcard-container"><div class="box__itemcard-body"><div class="box__itemcard-inner"><a class="link__itemcard" href="https://item.gmarket.co.kr/Item?goodscode=2518682340" tabindex="-1" aria-hidden="true"><span class="box__itemcard-img"><img class="image__itemcard no-js-400?ver=1725524880" src="data:image/gif;base64,R0lGODlhAQABAIAAAP///wAAACH5BAEAAAAALAAAAAABAAEAAAICRAEAOw==" alt="까르보나라 크림 스파게티460g(2인) - 상품 이미지"/><noscript><style>.no-js-400?ver=1725524880 { display: none !important; }</style><img class="image__itemcard" src="https://gdimg.gmarket.co.kr/2518682340/still/400?ver=1725524880" alt="까르보나라 크림 스파게티460g(2인) - 상품 이미지"/></noscript></span></a><div class="box__itemcard-info"><div class="box__element-info"><div class="element-info-qty"><button aria-describedby="itemCard_title_2518682340" class="sprite__smilefresh--before element-info-qty-minus" aria-disabled="true"><span class="for-a11y">상품 수 <!-- -->1<!-- --> 감소</span></button><span class="element-info-item-qty" aria-describedby="itemCard_title_2518682340"><span class="for-a11y">선택된 수량</span> <!-- -->1</span><button aria-describedby="itemCard_title_2518682340" class="sprite__smilefresh--before element-info-qty-plus"><span class="for-a11y">상품 수 <!-- -->1<!-- --> 증가</span></button></div><button type="button" class="sprite__smilefresh--before element-info-cart" aria-describedby="itemCard_title_2518682340"><span class="for-a11y">장바구니 담기</span></button></div><a href="https://item.gmarket.co.kr/Item?goodscode=2518682340" class="link__itemcard-info"><span class="box__itemcard-title-area" id="itemCard_title_2518682340"><span class="text__brand"><span class="text">생가득</span></span><span class="text__title" id="item_title">까르보나라 크림 스파게티460g(2인)</span></span><span class="box__itemcard-price-area"><span class="box__price-seller"><span class="for-a11y">판매가</span><strong class="text__price-seller">8,480</strong><span class="text__unit">원</span></span></span><span class="box__itemcard-info-score"><span class="sprite__smilefresh--before box__score-awards"><span class="for-a11y">평점</span><span class="text text__score">4.8</span><span class="for-a11y">후기</span><span class="text text__num">(95)</span><span class="for-a11y">건</span></span><span class="box__score-buycnt"><span class="text text__buy">구매</span><span class="text text__num">347</span><span class="for-a11y">건</span></span></span><span class="box__itemcard-benefit-tag"><span class="box__tag box__tag-coupon"><span class="sprite__smilefresh--before box__inner">15% 쿠폰</span></span></span></a><button type="button" class="sprite__smilefresh--after button__favorite-item" aria-describedby="itemCard_title_2518682340" aria-pressed="false" aria-label="관심상품 등록하기"></button></div></div></div></div></li><li class="list-item"><div class="box__itemcard-container"><div class="box__itemcard-body"><div class="box__itemcard-inner"><span class="box__thumbnail__label">2개 사면 할인</span><a class="link__itemcard" href="https://item.gmarket.co.kr/Item?goodscode=2522800983" tabindex="-1" aria-hidden="true"><span class="box__itemcard-img"><img class="image__itemcard no-js-400?ver=1725104736" src="data:image/gif;base64,R0lGODlhAQABAIAAAP///wAAACH5BAEAAAAALAAAAAABAAEAAAICRAEAOw==" alt="말랑카우 핸드워시 리필(블루베리)250ml - 상품 이미지"/><noscript><style>.no-js-400?ver=1725104736 { display: none !important; }</style><img class="image__itemcard" src="https://gdimg.gmarket.co.kr/2522800983/still/400?ver=1725104736" alt="말랑카우 핸드워시 리필(블루베리)250ml - 상품 이미지"/></noscript></span></a><div class="box__itemcard-info"><div class="box__element-info"><div class="element-info-qty"><button aria-describedby="itemCard_title_2522800983" class="sprite__smilefresh--before element-info-qty-minus" aria-disabled="true"><span class="for-a11y">상품 수 <!-- -->1<!-- --> 감소</span></button><span class="element-info-item-qty" aria-describedby="itemCard_title_2522800983"><span class="for-a11y">선택된 수량</span> <!-- -->1</span><button aria-describedby="itemCard_title_2522800983" class="sprite__smilefresh--before element-info-qty-plus"><span class="for-a11y">상품 수 <!-- -->1<!-- --> 증가</span></button></div><button type="button" class="sprite__smilefresh--before element-info-cart" aria-describedby="itemCard_title_2522800983"><span class="for-a11y">장바구니 담기</span></button></div><a href="https://item.gmarket.co.kr/Item?goodscode=2522800983" class="link__itemcard-info"><span class="box__itemcard-title-area" id="itemCard_title_2522800983"><span class="text__brand"><span class="text">애경</span></span><span class="text__title" id="item_title">말랑카우 핸드워시 리필(블루베리)250ml</span></span><span class="box__itemcard-price-area"><span class="box__price-seller"><span class="for-a11y">판매가</span><strong class="text__price-seller">4,900</strong><span class="text__unit">원</span></span></span><span class="box__itemcard-info-score"><span class="sprite__smilefresh--before box__score-awards"><span class="for-a11y">평점</span><span class="text text__score">4.8</span><span class="for-a11y">후기</span><span class="text text__num">(27)</span><span class="for-a11y">건</span></span><span class="box__score-buycnt"><span class="text text__buy">구매</span><span class="text text__num">189</span><span class="for-a11y">건</span></span></span><span class="box__itemcard-benefit-tag"><span class="box__tag box__tag-coupon"><span class="sprite__smilefresh--before box__inner">15% 쿠폰</span></span></span></a><button type="button" class="sprite__smilefresh--after button__favorite-item" aria-describedby="itemCard_title_2522800983" aria-pressed="false" aria-label="관심상품 등록하기"></button></div></div></div></div></li><li class="list-item"><div class="box__itemcard-container"><div class="box__itemcard-body"><div class="box__itemcard-inner"><a class="link__itemcard" href="https://item.gmarket.co.kr/Item?goodscode=2518779161" tabindex="-1" aria-hidden="true"><span class="box__itemcard-img"><img class="image__itemcard no-js-400?ver=1725112651" src="data:image/gif;base64,R0lGODlhAQABAIAAAP///wAAACH5BAEAAAAALAAAAAABAAEAAAICRAEAOw==" alt="들기름막국수 2인 391.4g - 상품 이미지"/><noscript><style>.no-js-400?ver=1725112651 { display: none !important; }</style><img class="image__itemcard" src="https://gdimg.gmarket.co.kr/2518779161/still/400?ver=1725112651" alt="들기름막국수 2인 391.4g - 상품 이미지"/></noscript></span></a><div class="box__itemcard-info"><div class="box__element-info"><div class="element-info-qty"><button aria-describedby="itemCard_title_2518779161" class="sprite__smilefresh--before element-info-qty-minus" aria-disabled="true"><span class="for-a11y">상품 수 <!-- -->1<!-- --> 감소</span></button><span class="element-info-item-qty" aria-describedby="itemCard_title_2518779161"><span class="for-a11y">선택된 수량</span> <!-- -->1</span><button aria-describedby="itemCard_title_2518779161" class="sprite__smilefresh--before element-info-qty-plus"><span class="for-a11y">상품 수 <!-- -->1<!-- --> 증가</span></button></div><button type="button" class="sprite__smilefresh--before element-info-cart" aria-describedby="itemCard_title_2518779161"><span class="for-a11y">장바구니 담기</span></button></div><a href="https://item.gmarket.co.kr/Item?goodscode=2518779161" class="link__itemcard-info"><span class="box__itemcard-title-area" id="itemCard_title_2518779161"><span class="text__brand"><span class="text">풀무원</span></span><span class="text__title" id="item_title">들기름막국수 2인 391.4g</span></span><span class="box__itemcard-price-area"><span class="box__price-seller"><span class="for-a11y">판매가</span><strong class="text__price-seller">6,980</strong><span class="text__unit">원</span></span></span><span class="box__itemcard-info-score"><span class="sprite__smilefresh--before box__score-awards"><span class="for-a11y">평점</span><span class="text text__score">4.8</span><span class="for-a11y">후기</span><span class="text text__num">(119)</span><span class="for-a11y">건</span></span><span class="box__score-buycnt"><span class="text text__buy">구매</span><span class="text text__num">281</span><span class="for-a11y">건</span></span></span><span class="box__itemcard-benefit-tag"><span class="box__tag box__tag-coupon"><span class="sprite__smilefresh--before box__inner">15% 쿠폰</span></span></span></a><button type="button" class="sprite__smilefresh--after button__favorite-item" aria-describedby="itemCard_title_2518779161" aria-pressed="false" aria-label="관심상품 등록하기"></button></div></div></div></div></li></ul></div></div><div class="box__pagination" role="region" aria-label="페이지 이동"><button type="button" class="sprite__smilefresh--before button__previous button__page" disabled=""><span class="icon__arrow"></span><span class="for-a11y">이전 페이지로 이동합니다.</span></button><button class="link__page_number active" aria-current="page">1</button><button type="button" class="link__page_number">2</button><button type="button" class="link__page_number">3</button><button type="button" class="link__page_number">4</button><button type="button" class="link__page_number">5</button><button type="button" class="sprite__smilefresh--before button__next button__page"><span class="icon__arrow"></span><span class="for-a11y">다음 페이지로 이동합니다.</span></button></div></div></div></div></div></div><div style="min-height:455px"></div><script src="https://script.gmarket.co.kr/mobile/js/common/kr/util/viewability.js"></script><script src="https://script.gmarket.co.kr/js/common/ats_gmkt.js"></script><script src="https://script.gmarket.co.kr/fnp/desktop-layout.js"></script></div><script id="__NEXT_DATA__" type="application/json">{"props":{"pageProps":{"serverData":{"user":{"isSmileClub":false,"hashedCguid":"MuRNNYHW7OuOgugtwPK0Jz7HajIwK5FDq7zFzNnlMPY="},"itemPage":{"error":false,"searchFilter":{"sortOrderby":0,"userAddressInfo":{"address":"로그인을 진행해 주세요","addressExposeType":"LoginRequired","nonDeliveryArea":false},"smileFreshDeliveryGuide":{"deliveryStoreType":"NoneDelivery"},"categories":{"currentConditions":{"rootNode":[{"name":"c","value":"100001001","label":"채소/두부","nodeType":"root","depth":0},{"name":"c","value":"100001009","label":"우유/유제품/유아식","nodeType":"root","depth":0},{"name":"c","value":"100001011","label":"냉장/냉동/간편식","nodeType":"root","depth":0},{"name":"c","value":"100001013","label":"생수/음료/주류","nodeType":"root","depth":0},{"name":"c","value":"100001015","label":"라면/면류/즉석식품/통조림","nodeType":"root","depth":0},{"name":"c","value":"100001017","label":"과자/시리얼/빙과/떡","nodeType":"root","depth":0},{"name":"c","value":"100001020","label":"제지/위생/건강용품","nodeType":"root","depth":0},{"name":"c","value":"100001026","label":"뷰티","nodeType":"root","depth":0},{"name":"c","value":"100001027","label":"유아동/출산/완구","nodeType":"root","depth":0}],"node":[]},"backButtonConditions":[{"name":"c","value":"100001001","label":"채소/두부","nodeType":"root","depth":0},{"name":"c","value":"100001009","label":"우유/유제품/유아식","nodeType":"root","depth":0},{"name":"c","value":"100001011","label":"냉장/냉동/간편식","nodeType":"root","depth":0},{"name":"c","value":"100001013","label":"생수/음료/주류","nodeType":"root","depth":0},{"name":"c","value":"100001015","label":"라면/면류/즉석식품/통조림","nodeType":"root","depth":0},{"name":"c","value":"100001017","label":"과자/시리얼/빙과/떡","nodeType":"root","depth":0},{"name":"c","value":"100001020","label":"제지/위생/건강용품","nodeType":"root","depth":0},{"name":"c","value":"100001026","label":"뷰티","nodeType":"root","depth":0},{"name":"c","value":"100001027","label":"유아동/출산/완구","nodeType":"root","depth":0}]},"sdBrands":[{"name":"b","value":24148,"label":"페리오"},{"name":"b","value":28763,"label":"아이깨끗해"},{"name":"b","value":26874,"label":"동원"},{"name":"b","value":34761,"label":"풀무원"},{"name":"b","value":20238,"label":"가그린"},{"name":"b","value":34313,"label":"애경"},{"name":"b","value":67547,"label":"이클립스"},{"name":"b","value":35928,"label":"매일유업"},{"name":"b","value":42285,"label":"롯데칠성"},{"name":"b","value":32791,"label":"진주햄"},{"name":"b","value":25647,"label":"리스테린"},{"name":"b","value":26089,"label":"크리오"},{"name":"b","value":77931,"label":"리콜라"},{"name":"b","value":30396,"label":"질레트"},{"name":"b","value":33737,"label":"아크네스"},{"name":"b","value":22109,"label":"CJ제일제당"},{"name":"b","value":73801,"label":"랩신"},{"name":"b","value":22054,"label":"온더바디"},{"name":"b","value":29063,"label":"니베아"},{"name":"b","value":28760,"label":"암앤해머"},{"name":"b","value":35677,"label":"뉴트로지나"},{"name":"b","value":25891,"label":"폰즈"},{"name":"b","value":26813,"label":"도루코"},{"name":"b","value":31531,"label":"롯데웰푸드"},{"name":"b","value":128432,"label":"환타"},{"name":"b","value":33129,"label":"메소드"},{"name":"b","value":21207,"label":"유한덴탈케어"},{"name":"b","value":77481,"label":"스키틀즈"},{"name":"b","value":94276,"label":"닥터버들"},{"name":"b","value":36057,"label":"도브"}],"sortOptions":["Popularity","PriceAsc","PriceDesc","NewItemDesc","ReviewCountDesc","HomeShoppingRank"],"promotionGroups":[{"categoryImageUrl":"//image.gmarket.co.kr/hanbando/202207/9c775d19-af57-429d-8d63-711a967ab574.png","categoryName":"하나더","categoryNo":1},{"categoryImageUrl":"//image.gmarket.co.kr/hanbando/202207/4aa25fd2-8834-49ad-999b-16f295ead6b8.png","categoryName":"전단상품","categoryNo":2},{"categoryImageUrl":"//image.gmarket.co.kr/hanbando/202207/e7276ebc-34f6-4292-bcdd-6875413cbc69.png","categoryName":"오반장","categoryNo":3},{"categoryImageUrl":"//image.gmarket.co.kr/hanbando/202207/1c7e57c7-74dd-49e7-91a5-159b2c4550b2.png","categoryName":"푸드쏙쏙","categoryNo":4}],"discountBenefits":[],"selectedElementCode":"4","isBigSmileFilterAvailable":false,"isFilterDisabled":false,"paymentBenefits":[],"filterPreset":{"keywordInfo":{"name":"keyword","label":"결과 내 재검색","prefixKey":"k","isShow":true,"hasData":true},"categoryInfo":{"name":"category","label":"카테고리","prefixKey":"c","isShow":true,"hasData":true},"brandInfo":{"name":"brand","label":"브랜드","prefixKey":"b","isShow":true,"hasData":true},"priceInfo":{"name":"price","label":"가격대","prefixKey":"p","isShow":true,"hasData":true},"paymentBenefitInfo":{"name":"paymentBenefit","label":"결제ㆍ혜택","prefixKey":"pb","isShow":true,"hasData":false}},"isItemResultEmpty":false},"searchContent":{"sortOrderby":0,"pageNo":1,"pageSize":60,"totalResultCount":290,"banners":[],"bannerCount":0,"itemCount":60,"items":[{"itemNo":"2518443136","itemName":"풀무원 특등급 국산두부 찌개 380g","itemUrl":"https://item.gmarket.co.kr/Item?goodscode=2518443136","imageUrl":"//gdimg.gmarket.co.kr/2518443136/still/400?ver=1725092613","sdBrandName":"풀무원","itemPrice":5480,"buyCount":1334,"reviewPoint":{"starPoint":4.75,"reviewCount":261},"isBigSmileItem":false,"isSoldOut":false,"couponDiscount":{"discountType":"R","discountPrice":"0","discountRate":"15"},"cardDiscount":{"discountRate":0},"sellerInfo":{"sellCustNo":"155104283","sellLoginId":"emartmall2","nickname":"이마트몰쓱배송","isLmoOfficialSeller":false,"isFashionSquareSeller":false,"isBrandOfficialSeller":false},"hasOption":false,"isAdult":false,"isCartVisible":true,"discountRate":0,"sellPrice":5480,"tagLabels":[{"code":58,"text":"2개 사면 할인","bgColor":"#19C919"}],"buyUnitCount":1,"deliveryCode":"M","rank":1,"lcode":"100000020","mcode":"200001222","scode":"300020127"},{"itemNo":"2522264969","itemName":"진주햄 천하장사 더블링 콰트로치즈 400g","itemUrl":"https://item.gmarket.co.kr/Item?goodscode=2522264969","imageUrl":"//gdimg.gmarket.co.kr/2522264969/still/400?ver=1725100840","sdBrandName":"진주햄","itemPrice":9980,"buyCount":1139,"reviewPoint":{"starPoint":4.69,"reviewCount":205},"isBigSmileItem":false,"isSoldOut":false,"couponDiscount":{"discountType":"R","discountPrice":"0","discountRate":"15"},"cardDiscount":{"discountRate":0},"sellerInfo":{"sellCustNo":"155104283","sellLoginId":"emartmall2","nickname":"이마트몰쓱배송","isLmoOfficialSeller":false,"isFashionSquareSeller":false,"isBrandOfficialSeller":false},"hasOption":false,"isAdult":false,"isCartVisible":true,"discountRate":0,"sellPrice":9980,"tagLabels":[{"code":58,"text":"2개 사면 할인","bgColor":"#19C919"}],"buyUnitCount":1,"deliveryCode":"M","unitPrice":{"unit":10,"unitName":"g","price":250},"rank":2,"lcode":"100000036","mcode":"200000370","scode":"300008235"},{"itemNo":"2518596542","itemName":"유한덴탈케어 LX 이중미세모 5입","itemUrl":"https://item.gmarket.co.kr/Item?goodscode=2518596542","imageUrl":"//gdimg.gmarket.co.kr/2518596542/still/400?ver=1725092227","sdBrandName":"유한덴탈케어","itemPrice":10900,"buyCount":807,"reviewPoint":{"starPoint":4.72,"reviewCount":122},"isBigSmileItem":false,"isSoldOut":false,"couponDiscount":{"discountType":"R","discountPrice":"0","discountRate":"15"},"cardDiscount":{"discountRate":0},"sellerInfo":{"sellCustNo":"155104283","sellLoginId":"emartmall2","nickname":"이마트몰쓱배송","isLmoOfficialSeller":false,"isFashionSquareSeller":false,"isBrandOfficialSeller":false},"hasOption":false,"isAdult":false,"isCartVisible":true,"discountRate":0,"sellPrice":10900,"tagLabels":[{"code":58,"text":"2개 사면 할인","bgColor":"#19C919"}],"buyUnitCount":1,"deliveryCode":"M","rank":3,"lcode":"100000071","mcode":"200002933","scode":"300028842"},{"itemNo":"2522811514","itemName":"스프라이트 1L","itemUrl":"https://item.gmarket.co.kr/Item?goodscode=2522811514","imageUrl":"//gdimg.gmarket.co.kr/2522811514/still/400?ver=1725105266","sdBrandName":"스프라이트","itemPrice":2380,"buyCount":17889,"reviewPoint":{"starPoint":4.78,"reviewCount":2707},"isBigSmileItem":false,"isSoldOut":false,"couponDiscount":{"discountType":"R","discountPrice":"0","discountRate":"15"},"cardDiscount":{"discountRate":0},"sellerInfo":{"sellCustNo":"155104283","sellLoginId":"emartmall2","nickname":"이마트몰쓱배송","isLmoOfficialSeller":false,"isFashionSquareSeller":false,"isBrandOfficialSeller":false},"hasOption":false,"isAdult":false,"isCartVisible":true,"discountRate":0,"sellPrice":2380,"tagLabels":[{"code":58,"text":"2개 사면 할인","bgColor":"#19C919"}],"buyUnitCount":1,"deliveryCode":"M","unitPrice":{"unit":100,"unitName":"mL","price":238},"rank":4,"lcode":"100000094","mcode":"200000753","scode":"300024678"},{"itemNo":"2518505305","itemName":"뉴트로지나 딥클린 클렌징오일 200mL 블랙헤드 케어","itemUrl":"https://item.gmarket.co.kr/Item?goodscode=2518505305","imageUrl":"//gdimg.gmarket.co.kr/2518505305/still/400?ver=1725088410","sdBrandName":"뉴트로지나","itemPrice":12900,"buyCount":1077,"reviewPoint":{"starPoint":4.83,"reviewCount":241},"isBigSmileItem":false,"isSoldOut":false,"couponDiscount":{"discountType":"R","discountPrice":"0","discountRate":"15"},"cardDiscount":{"discountRate":0},"sellerInfo":{"sellCustNo":"155104283","sellLoginId":"emartmall2","nickname":"이마트몰쓱배송","isLmoOfficialSeller":false,"isFashionSquareSeller":false,"isBrandOfficialSeller":false},"hasOption":false,"isAdult":false,"isCartVisible":true,"discountRate":41,"sellPrice":21900,"tagLabels":[],"buyUnitCount":1,"deliveryCode":"M","rank":5,"lcode":"100000005","mcode":"200000310","scode":"300002684"},{"itemNo":"2518696039","itemName":"페리오 멀티케어 120g8","itemUrl":"https://item.gmarket.co.kr/Item?goodscode=2518696039","imageUrl":"//gdimg.gmarket.co.kr/2518696039/still/400?ver=1725109584","sdBrandName":"페리오","itemPrice":10900,"buyCount":6106,"reviewPoint":{"starPoint":4.72,"reviewCount":1137},"isBigSmileItem":false,"isSoldOut":false,"couponDiscount":{"discountType":"R","discountPrice":"0","discountRate":"15"},"cardDiscount":{"discountRate":0},"sellerInfo":{"sellCustNo":"155104283","sellLoginId":"emartmall2","nickname":"이마트몰쓱배송","isLmoOfficialSeller":false,"isFashionSquareSeller":false,"isBrandOfficialSeller":false},"hasOption":false,"isAdult":false,"isCartVisible":true,"discountRate":0,"sellPrice":10900,"tagLabels":[],"buyUnitCount":1,"deliveryCode":"M","rank":6,"lcode":"100000071","mcode":"200002933","scode":"300028840"},{"itemNo":"2523624256","itemName":"고메바삭튀겨낸 통등심돈카츠450g","itemUrl":"https://item.gmarket.co.kr/Item?goodscode=2523624256","imageUrl":"//gdimg.gmarket.co.kr/2523624256/still/400?ver=1725102621","sdBrandName":"고메","itemPrice":9980,"buyCount":2873,"reviewPoint":{"starPoint":4.75,"reviewCount":847},"isBigSmileItem":false,"isSoldOut":false,"couponDiscount":{"discountType":"R","discountPrice":"0","discountRate":"15"},"cardDiscount":{"discountRate":0},"sellerInfo":{"sellCustNo":"155104283","sellLoginId":"emartmall2","nickname":"이마트몰쓱배송","isLmoOfficialSeller":false,"isFashionSquareSeller":false,"isBrandOfficialSeller":false},"hasOption":false,"isAdult":false,"isCartVisible":true,"discountRate":0,"sellPrice":9980,"tagLabels":[],"buyUnitCount":1,"deliveryCode":"M","rank":7,"lcode":"100000036","mcode":"200002371","scode":"300028717"},{"itemNo":"3101062172","itemName":"가그린 피치민트 750ml","itemUrl":"https://item.gmarket.co.kr/Item?goodscode=3101062172","imageUrl":"//gdimg.gmarket.co.kr/3101062172/still/400?ver=1725132802","sdBrandName":"가그린","itemPrice":8700,"buyCount":370,"reviewPoint":{"starPoint":4.86,"reviewCount":100},"isBigSmileItem":false,"isSoldOut":false,"couponDiscount":{"discountType":"R","discountPrice":"0","discountRate":"15"},"cardDiscount":{"discountRate":0},"sellerInfo":{"sellCustNo":"155104283","sellLoginId":"emartmall2","nickname":"이마트몰쓱배송","isLmoOfficialSeller":false,"isFashionSquareSeller":false,"isBrandOfficialSeller":false},"hasOption":false,"isAdult":false,"isCartVisible":true,"discountRate":0,"sellPrice":8700,"tagLabels":[{"code":58,"text":"2개 사면 할인","bgColor":"#19C919"}],"buyUnitCount":1,"deliveryCode":"M","rank":8,"lcode":"100000071","mcode":"200002933","scode":"300028836"},{"itemNo":"2518596407","itemName":"롯데 키스틱 800g (400gx2입)","itemUrl":"https://item.gmarket.co.kr/Item?goodscode=2518596407","imageUrl":"//gdimg.gmarket.co.kr/2518596407/still/400?ver=1725260633","sdBrandName":"롯데햄","itemPrice":8980,"buyCount":1690,"reviewPoint":{"starPoint":4.72,"reviewCount":451},"isBigSmileItem":false,"isSoldOut":false,"couponDiscount":{"discountType":"R","discountPrice":"0","discountRate":"15"},"cardDiscount":{"discountRate":0},"sellerInfo":{"sellCustNo":"155104283","sellLoginId":"emartmall2","nickname":"이마트몰쓱배송","isLmoOfficialSeller":false,"isFashionSquareSeller":false,"isBrandOfficialSeller":false},"hasOption":false,"isAdult":false,"isCartVisible":true,"discountRate":0,"sellPrice":8980,"tagLabels":[],"buyUnitCount":1,"deliveryCode":"M","unitPrice":{"unit":10,"unitName":"g","price":112},"rank":9,"lcode":"100000036","mcode":"200000370","scode":"300008235"},{"itemNo":"2518358903","itemName":"CJ 꼬마돈까스400g","itemUrl":"https://item.gmarket.co.kr/Item?goodscode=2518358903","imageUrl":"//gdimg.gmarket.co.kr/2518358903/still/400?ver=1725088037","sdBrandName":"CJ제일제당","itemPrice":4970,"buyCount":4911,"reviewPoint":{"starPoint":4.78,"reviewCount":902},"isBigSmileItem":false,"isSoldOut":false,"couponDiscount":{"discountType":"R","discountPrice":"0","discountRate":"15"},"cardDiscount":{"discountRate":0},"sellerInfo":{"sellCustNo":"155104283","sellLoginId":"emartmall2","nickname":"이마트몰쓱배송","isLmoOfficialSeller":false,"isFashionSquareSeller":false,"isBrandOfficialSeller":false},"hasOption":false,"isAdult":false,"isCartVisible":true,"discountRate":0,"sellPrice":4970,"tagLabels":[],"buyUnitCount":1,"deliveryCode":"M","rank":10,"lcode":"100000036","mcode":"200002371","scode":"300028717"},{"itemNo":"2522660389","itemName":"니베아 맨 리커버리 쉐이빙폼 200ml3개입","itemUrl":"https://item.gmarket.co.kr/Item?goodscode=2522660389","imageUrl":"//gdimg.gmarket.co.kr/2522660389/still/400?ver=1725102741","sdBrandName":"니베아","itemPrice":10900,"buyCount":1232,"reviewPoint":{"starPoint":4.82,"reviewCount":316},"isBigSmileItem":false,"isSoldOut":false,"couponDiscount":{"discountType":"R","discountPrice":"0","discountRate":"15"},"cardDiscount":{"discountRate":0},"sellerInfo":{"sellCustNo":"155104283","sellLoginId":"emartmall2","nickname":"이마트몰쓱배송","isLmoOfficialSeller":false,"isFashionSquareSeller":false,"isBrandOfficialSeller":false},"hasOption":false,"isAdult":false,"isCartVisible":true,"discountRate":0,"sellPrice":10900,"tagLabels":[],"buyUnitCount":1,"deliveryCode":"M","rank":11,"lcode":"100000071","mcode":"200002934","scode":"300028847"},{"itemNo":"3579231867","itemName":"오리온 아이셔츄 192g (48g4입)","itemUrl":"https://item.gmarket.co.kr/Item?goodscode=3579231867","imageUrl":"//gdimg.gmarket.co.kr/3579231867/still/400?ver=1725139825","sdBrandName":"오리온","itemPrice":2980,"buyCount":665,"reviewPoint":{"starPoint":4.8,"reviewCount":158},"isBigSmileItem":false,"isSoldOut":false,"couponDiscount":{"discountType":"R","discountPrice":"0","discountRate":"15"},"cardDiscount":{"discountRate":0},"sellerInfo":{"sellCustNo":"155104283","sellLoginId":"emartmall2","nickname":"이마트몰쓱배송","isLmoOfficialSeller":false,"isFashionSquareSeller":false,"isBrandOfficialSeller":false},"hasOption":false,"isAdult":false,"isCartVisible":true,"discountRate":0,"sellPrice":2980,"tagLabels":[],"buyUnitCount":1,"deliveryCode":"M","rank":12,"lcode":"100000036","mcode":"200000370","scode":"300028680"},{"itemNo":"2523431589","itemName":"맑은물에 국산콩 촌두부 550g","itemUrl":"https://item.gmarket.co.kr/Item?goodscode=2523431589","imageUrl":"//gdimg.gmarket.co.kr/2523431589/still/400?ver=1725100091","itemPrice":3700,"buyCount":9150,"reviewPoint":{"starPoint":4.73,"reviewCount":2501},"isBigSmileItem":false,"isSoldOut":false,"couponDiscount":{"discountType":"R","discountPrice":"0","discountRate":"15"},"cardDiscount":{"discountRate":0},"sellerInfo":{"sellCustNo":"155104283","sellLoginId":"emartmall2","nickname":"이마트몰쓱배송","isLmoOfficialSeller":false,"isFashionSquareSeller":false,"isBrandOfficialSeller":false},"hasOption":false,"isAdult":false,"isCartVisible":true,"discountRate":0,"sellPrice":3700,"tagLabels":[],"buyUnitCount":1,"deliveryCode":"M","rank":13,"lcode":"100000020","mcode":"200001222","scode":"300020127"},{"itemNo":"2523419766","itemName":"진주햄 천하장사 더블링 뿌링치즈 400g","itemUrl":"https://item.gmarket.co.kr/Item?goodscode=2523419766","imageUrl":"//gdimg.gmarket.co.kr/2523419766/still/400?ver=1725117047","sdBrandName":"진주햄","itemPrice":10800,"buyCount":668,"reviewPoint":{"starPoint":4.84,"reviewCount":177},"isBigSmileItem":false,"isSoldOut":false,"couponDiscount":{"discountType":"R","discountPrice":"0","discountRate":"15"},"cardDiscount":{"discountRate":0},"sellerInfo":{"sellCustNo":"155104283","sellLoginId":"emartmall2","nickname":"이마트몰쓱배송","isLmoOfficialSeller":false,"isFashionSquareSeller":false,"isBrandOfficialSeller":false},"hasOption":false,"isAdult":false,"isCartVisible":true,"discountRate":0,"sellPrice":10800,"tagLabels":[{"code":58,"text":"2개 사면 할인","bgColor":"#19C919"}],"buyUnitCount":1,"deliveryCode":"M","unitPrice":{"unit":10,"unitName":"g","price":270},"rank":14,"lcode":"100000036","mcode":"200000370","scode":"300028677"},{"itemNo":"2519409327","itemName":"스프라이트 제로 1L","itemUrl":"https://item.gmarket.co.kr/Item?goodscode=2519409327","imageUrl":"//gdimg.gmarket.co.kr/2519409327/still/400?ver=1725124352","sdBrandName":"스프라이트 제로","itemPrice":2380,"buyCount":14046,"reviewPoint":{"starPoint":4.74,"reviewCount":1684},"isBigSmileItem":false,"isSoldOut":false,"couponDiscount":{"discountType":"R","discountPrice":"0","discountRate":"15"},"cardDiscount":{"discountRate":0},"sellerInfo":{"sellCustNo":"155104283","sellLoginId":"emartmall2","nickname":"이마트몰쓱배송","isLmoOfficialSeller":false,"isFashionSquareSeller":false,"isBrandOfficialSeller":false},"hasOption":false,"isAdult":false,"isCartVisible":true,"discountRate":0,"sellPrice":2380,"tagLabels":[{"code":58,"text":"2개 사면 할인","bgColor":"#19C919"}],"buyUnitCount":1,"deliveryCode":"M","unitPrice":{"unit":100,"unitName":"mL","price":238},"rank":15,"lcode":"100000094","mcode":"200000753","scode":"300024678"},{"itemNo":"2523159808","itemName":"사포리 디 포지타노 레몬맛캔디 500g","itemUrl":"https://item.gmarket.co.kr/Item?goodscode=2523159808","imageUrl":"//gdimg.gmarket.co.kr/2523159808/still/400?ver=1725123102","sdBrandName":"사포리디포지타노","itemPrice":15800,"buyCount":762,"reviewPoint":{"starPoint":4.86,"reviewCount":259},"isBigSmileItem":false,"isSoldOut":false,"couponDiscount":{"discountType":"R","discountPrice":"0","discountRate":"15"},"cardDiscount":{"discountRate":0},"sellerInfo":{"sellCustNo":"155104283","sellLoginId":"emartmall2","nickname":"이마트몰쓱배송","isLmoOfficialSeller":false,"isFashionSquareSeller":false,"isBrandOfficialSeller":false},"hasOption":false,"isAdult":false,"isCartVisible":true,"discountRate":0,"sellPrice":15800,"tagLabels":[],"buyUnitCount":1,"deliveryCode":"M","rank":16,"lcode":"100000036","mcode":"200000370","scode":"300028680"},{"itemNo":"2522424800","itemName":"폰즈클리어 훼이스 스파 립아이 리무버 120ml","itemUrl":"https://item.gmarket.co.kr/Item?goodscode=2522424800","imageUrl":"//gdimg.gmarket.co.kr/2522424800/still/400?ver=1725101430","sdBrandName":"폰즈","itemPrice":10900,"buyCount":273,"reviewPoint":{"starPoint":4.79,"reviewCount":67},"isBigSmileItem":false,"isSoldOut":false,"couponDiscount":{"discountType":"R","discountPrice":"0","discountRate":"15"},"cardDiscount":{"discountRate":0},"sellerInfo":{"sellCustNo":"155104283","sellLoginId":"emartmall2","nickname":"이마트몰쓱배송","isLmoOfficialSeller":false,"isFashionSquareSeller":false,"isBrandOfficialSeller":false},"hasOption":false,"isAdult":false,"isCartVisible":true,"discountRate":0,"sellPrice":10900,"tagLabels":[{"code":58,"text":"2개 사면 할인","bgColor":"#19C919"}],"buyUnitCount":1,"deliveryCode":"M","rank":17,"lcode":"100000005","mcode":"200000310","scode":"300002685"},{"itemNo":"2518541006","itemName":"동원 소와나무슬라이스 치즈 54g","itemUrl":"https://item.gmarket.co.kr/Item?goodscode=2518541006","imageUrl":"//gdimg.gmarket.co.kr/2518541006/still/400?ver=1725088001","sdBrandName":"동원","itemPrice":1280,"buyCount":3051,"reviewPoint":{"starPoint":4.73,"reviewCount":766},"isBigSmileItem":false,"isSoldOut":false,"couponDiscount":{"discountType":"R","discountPrice":"0","discountRate":"15"},"cardDiscount":{"discountRate":0},"sellerInfo":{"sellCustNo":"155104283","sellLoginId":"emartmall2","nickname":"이마트몰쓱배송","isLmoOfficialSeller":false,"isFashionSquareSeller":false,"isBrandOfficialSeller":false},"hasOption":false,"isAdult":false,"isCartVisible":true,"discountRate":0,"sellPrice":1280,"tagLabels":[],"buyUnitCount":1,"deliveryCode":"M","unitPrice":{"unit":10,"unitName":"g","price":237},"rank":18,"lcode":"100000036","mcode":"200001209","scode":"300012424"},{"itemNo":"3693835396","itemName":"환타제로 파인 1L","itemUrl":"https://item.gmarket.co.kr/Item?goodscode=3693835396","imageUrl":"//gdimg.gmarket.co.kr/3693835396/still/400?ver=1725141805","sdBrandName":"환타","itemPrice":2380,"buyCount":806,"reviewPoint":{"starPoint":4.73,"reviewCount":147},"isBigSmileItem":false,"isSoldOut":false,"couponDiscount":{"discountType":"R","discountPrice":"0","discountRate":"15"},"cardDiscount":{"discountRate":0},"sellerInfo":{"sellCustNo":"155104283","sellLoginId":"emartmall2","nickname":"이마트몰쓱배송","isLmoOfficialSeller":false,"isFashionSquareSeller":false,"isBrandOfficialSeller":false},"hasOption":false,"isAdult":false,"isCartVisible":true,"discountRate":0,"sellPrice":2380,"tagLabels":[{"code":58,"text":"2개 사면 할인","bgColor":"#19C919"}],"buyUnitCount":1,"deliveryCode":"M","unitPrice":{"unit":100,"unitName":"mL","price":238},"rank":19,"lcode":"100000094","mcode":"200000753","scode":"300024678"},{"itemNo":"2518442977","itemName":"풀무원 국산콩 연두부 250g","itemUrl":"https://item.gmarket.co.kr/Item?goodscode=2518442977","imageUrl":"//gdimg.gmarket.co.kr/2518442977/still/400?ver=1725092696","sdBrandName":"풀무원","itemPrice":1950,"buyCount":2672,"reviewPoint":{"starPoint":4.7,"reviewCount":478},"isBigSmileItem":false,"isSoldOut":false,"couponDiscount":{"discountType":"R","discountPrice":"0","discountRate":"15"},"cardDiscount":{"discountRate":0},"sellerInfo":{"sellCustNo":"155104283","sellLoginId":"emartmall2","nickname":"이마트몰쓱배송","isLmoOfficialSeller":false,"isFashionSquareSeller":false,"isBrandOfficialSeller":false},"hasOption":false,"isAdult":false,"isCartVisible":true,"discountRate":0,"sellPrice":1950,"tagLabels":[],"buyUnitCount":1,"deliveryCode":"M","rank":20,"lcode":"100000020","mcode":"200001222","scode":"300020127"},{"itemNo":"2537363043","itemName":"2080 파워쉴드 블루더블민트치약 (120g3입)","itemUrl":"https://item.gmarket.co.kr/Item?goodscode=2537363043","imageUrl":"//gdimg.gmarket.co.kr/2537363043/still/400?ver=1725092401","sdBrandName":"애경","itemPrice":9900,"buyCount":360,"reviewPoint":{"starPoint":4.71,"reviewCount":74},"isBigSmileItem":false,"isSoldOut":false,"couponDiscount":{"discountType":"R","discountPrice":"0","discountRate":"15"},"cardDiscount":{"discountRate":0},"sellerInfo":{"sellCustNo":"155104283","sellLoginId":"emartmall2","nickname":"이마트몰쓱배송","isLmoOfficialSeller":false,"isFashionSquareSeller":false,"isBrandOfficialSeller":false},"hasOption":false,"isAdult":false,"isCartVisible":true,"discountRate":0,"sellPrice":9900,"tagLabels":[{"code":58,"text":"2개 사면 할인","bgColor":"#19C919"},{"code":68,"text":"전단상품","bgColor":"#19C919"}],"buyUnitCount":1,"deliveryCode":"M","rank":21,"lcode":"100000071","mcode":"200002933","scode":"300028840"},{"itemNo":"2518499495","itemName":"펩시콜라 600ml","itemUrl":"https://item.gmarket.co.kr/Item?goodscode=2518499495","imageUrl":"//gdimg.gmarket.co.kr/2518499495/still/400?ver=1725092715","sdBrandName":"롯데칠성","itemPrice":1680,"buyCount":3867,"reviewPoint":{"starPoint":4.81,"reviewCount":478},"isBigSmileItem":false,"isSoldOut":false,"couponDiscount":{"discountType":"R","discountPrice":"0","discountRate":"15"},"cardDiscount":{"discountRate":0},"sellerInfo":{"sellCustNo":"155104283","sellLoginId":"emartmall2","nickname":"이마트몰쓱배송","isLmoOfficialSeller":false,"isFashionSquareSeller":false,"isBrandOfficialSeller":false},"hasOption":false,"isAdult":false,"isCartVisible":true,"discountRate":0,"sellPrice":1680,"tagLabels":[{"code":59,"text":"3개 사면 할인","bgColor":"#19C919"}],"buyUnitCount":1,"deliveryCode":"M","unitPrice":{"unit":100,"unitName":"mL","price":280},"rank":22,"lcode":"100000094","mcode":"200000753","scode":"300024678"},{"itemNo":"2518582525","itemName":"동아오츠카 나랑드 사이다 1.5L","itemUrl":"https://item.gmarket.co.kr/Item?goodscode=2518582525","imageUrl":"//gdimg.gmarket.co.kr/2518582525/still/400?ver=1725091208","sdBrandName":"동아오츠카","itemPrice":1780,"buyCount":2523,"reviewPoint":{"starPoint":4.69,"reviewCount":324},"isBigSmileItem":false,"isSoldOut":false,"couponDiscount":{"discountType":"R","discountPrice":"0","discountRate":"15"},"cardDiscount":{"discountRate":0},"sellerInfo":{"sellCustNo":"155104283","sellLoginId":"emartmall2","nickname":"이마트몰쓱배송","isLmoOfficialSeller":false,"isFashionSquareSeller":false,"isBrandOfficialSeller":false},"hasOption":false,"isAdult":false,"isCartVisible":true,"discountRate":0,"sellPrice":1780,"tagLabels":[],"buyUnitCount":1,"deliveryCode":"M","unitPrice":{"unit":100,"unitName":"mL","price":119},"rank":23,"lcode":"100000094","mcode":"200000753","scode":"300024678"},{"itemNo":"2518877033","itemName":"(Up) 롯데 청포도 893g","itemUrl":"https://item.gmarket.co.kr/Item?goodscode=2518877033","imageUrl":"//gdimg.gmarket.co.kr/2518877033/still/400?ver=1725091757","sdBrandName":"롯데웰푸드","itemPrice":10380,"buyCount":1181,"reviewPoint":{"starPoint":4.72,"reviewCount":333},"isBigSmileItem":false,"isSoldOut":false,"couponDiscount":{"discountType":"R","discountPrice":"0","discountRate":"15"},"cardDiscount":{"discountRate":0},"sellerInfo":{"sellCustNo":"155104283","sellLoginId":"emartmall2","nickname":"이마트몰쓱배송","isLmoOfficialSeller":false,"isFashionSquareSeller":false,"isBrandOfficialSeller":false},"hasOption":false,"isAdult":false,"isCartVisible":true,"discountRate":0,"sellPrice":10380,"tagLabels":[],"buyUnitCount":1,"deliveryCode":"M","rank":24,"lcode":"100000036","mcode":"200000370","scode":"300028680"},{"itemNo":"2806917899","itemName":"농심 웰치 제로 그레이프 1.5L","itemUrl":"https://item.gmarket.co.kr/Item?goodscode=2806917899","imageUrl":"//gdimg.gmarket.co.kr/2806917899/still/400?ver=1725131010","sdBrandName":"웰치스","itemPrice":2500,"buyCount":3484,"reviewPoint":{"starPoint":4.79,"reviewCount":452},"isBigSmileItem":false,"isSoldOut":false,"couponDiscount":{"discountType":"R","discountPrice":"0","discountRate":"15"},"cardDiscount":{"discountRate":0},"sellerInfo":{"sellCustNo":"155104283","sellLoginId":"emartmall2","nickname":"이마트몰쓱배송","isLmoOfficialSeller":false,"isFashionSquareSeller":false,"isBrandOfficialSeller":false},"hasOption":false,"isAdult":false,"isCartVisible":true,"discountRate":0,"sellPrice":2500,"tagLabels":[],"buyUnitCount":1,"deliveryCode":"M","unitPrice":{"unit":100,"unitName":"mL","price":167},"rank":25,"lcode":"100000094","mcode":"200000753","scode":"300024678"},{"itemNo":"2933395697","itemName":"동원 미니 돈까스 900g","itemUrl":"https://item.gmarket.co.kr/Item?goodscode=2933395697","imageUrl":"//gdimg.gmarket.co.kr/2933395697/still/400?ver=1725129934","sdBrandName":"동원","itemPrice":8980,"buyCount":601,"reviewPoint":{"starPoint":4.78,"reviewCount":254},"isBigSmileItem":false,"isSoldOut":false,"couponDiscount":{"discountType":"R","discountPrice":"0","discountRate":"15"},"cardDiscount":{"discountRate":0},"sellerInfo":{"sellCustNo":"155104283","sellLoginId":"emartmall2","nickname":"이마트몰쓱배송","isLmoOfficialSeller":false,"isFashionSquareSeller":false,"isBrandOfficialSeller":false},"hasOption":false,"isAdult":false,"isCartVisible":true,"discountRate":0,"sellPrice":8980,"tagLabels":[],"buyUnitCount":1,"deliveryCode":"M","rank":26,"lcode":"100000036","mcode":"200002371","scode":"300028717"},{"itemNo":"3289954855","itemName":"가그린 유자민트 750ml","itemUrl":"https://item.gmarket.co.kr/Item?goodscode=3289954855","imageUrl":"//gdimg.gmarket.co.kr/3289954855/still/400?ver=1725134962","sdBrandName":"가그린","itemPrice":8700,"buyCount":193,"reviewPoint":{"starPoint":4.84,"reviewCount":58},"isBigSmileItem":false,"isSoldOut":false,"couponDiscount":{"discountType":"R","discountPrice":"0","discountRate":"15"},"cardDiscount":{"discountRate":0},"sellerInfo":{"sellCustNo":"155104283","sellLoginId":"emartmall2","nickname":"이마트몰쓱배송","isLmoOfficialSeller":false,"isFashionSquareSeller":false,"isBrandOfficialSeller":false},"hasOption":false,"isAdult":false,"isCartVisible":true,"discountRate":0,"sellPrice":8700,"tagLabels":[{"code":58,"text":"2개 사면 할인","bgColor":"#19C919"}],"buyUnitCount":1,"deliveryCode":"M","rank":27,"lcode":"100000071","mcode":"200002933","scode":"300028836"},{"itemNo":"2518699249","itemName":"풀무원 국산콩 신선한네모두부 340g","itemUrl":"https://item.gmarket.co.kr/Item?goodscode=2518699249","imageUrl":"//gdimg.gmarket.co.kr/2518699249/still/400?ver=1725091505","sdBrandName":"풀무원","itemPrice":4750,"buyCount":990,"reviewPoint":{"starPoint":4.81,"reviewCount":241},"isBigSmileItem":false,"isSoldOut":false,"couponDiscount":{"discountType":"R","discountPrice":"0","discountRate":"15"},"cardDiscount":{"discountRate":0},"sellerInfo":{"sellCustNo":"155104283","sellLoginId":"emartmall2","nickname":"이마트몰쓱배송","isLmoOfficialSeller":false,"isFashionSquareSeller":false,"isBrandOfficialSeller":false},"hasOption":false,"isAdult":false,"isCartVisible":true,"discountRate":0,"sellPrice":4750,"tagLabels":[],"buyUnitCount":1,"deliveryCode":"M","rank":28,"lcode":"100000020","mcode":"200001222","scode":"300020127"},{"itemNo":"2522382370","itemName":"롯데 목캔디허브217G","itemUrl":"https://item.gmarket.co.kr/Item?goodscode=2522382370","imageUrl":"//gdimg.gmarket.co.kr/2522382370/still/400?ver=1725101466","sdBrandName":"롯데웰푸드","itemPrice":3980,"buyCount":2004,"reviewPoint":{"starPoint":4.64,"reviewCount":432},"isBigSmileItem":false,"isSoldOut":false,"couponDiscount":{"discountType":"R","discountPrice":"0","discountRate":"15"},"cardDiscount":{"discountRate":0},"sellerInfo":{"sellCustNo":"155104283","sellLoginId":"emartmall2","nickname":"이마트몰쓱배송","isLmoOfficialSeller":false,"isFashionSquareSeller":false,"isBrandOfficialSeller":false},"hasOption":false,"isAdult":false,"isCartVisible":true,"discountRate":9,"sellPrice":4380,"tagLabels":[],"buyUnitCount":1,"deliveryCode":"M","rank":29,"lcode":"100000036","mcode":"200000370","scode":"300028680"},{"itemNo":"2523266958","itemName":"가그린 스트롱 750ML","itemUrl":"https://item.gmarket.co.kr/Item?goodscode=2523266958","imageUrl":"//gdimg.gmarket.co.kr/2523266958/still/400?ver=1725099906","sdBrandName":"가그린","itemPrice":5180,"buyCount":703,"reviewPoint":{"starPoint":4.79,"reviewCount":149},"isBigSmileItem":false,"isSoldOut":false,"couponDiscount":{"discountType":"R","discountPrice":"0","discountRate":"15"},"cardDiscount":{"discountRate":0},"sellerInfo":{"sellCustNo":"155104283","sellLoginId":"emartmall2","nickname":"이마트몰쓱배송","isLmoOfficialSeller":false,"isFashionSquareSeller":false,"isBrandOfficialSeller":false},"hasOption":false,"isAdult":false,"isCartVisible":true,"discountRate":0,"sellPrice":5180,"tagLabels":[],"buyUnitCount":1,"deliveryCode":"M","rank":30,"lcode":"100000071","mcode":"200002933","scode":"300028836"},{"itemNo":"2518478535","itemName":"코카-콜라 제로 500ml","itemUrl":"https://item.gmarket.co.kr/Item?goodscode=2518478535","imageUrl":"//gdimg.gmarket.co.kr/2518478535/still/400?ver=1725088533","sdBrandName":"코카콜라 제로","itemPrice":1580,"buyCount":2208,"reviewPoint":{"starPoint":4.76,"reviewCount":160},"isBigSmileItem":false,"isSoldOut":false,"couponDiscount":{"discountType":"R","discountPrice":"0","discountRate":"15"},"cardDiscount":{"discountRate":0},"sellerInfo":{"sellCustNo":"155104283","sellLoginId":"emartmall2","nickname":"이마트몰쓱배송","isLmoOfficialSeller":false,"isFashionSquareSeller":false,"isBrandOfficialSeller":false},"hasOption":false,"isAdult":false,"isCartVisible":true,"discountRate":24,"sellPrice":2080,"tagLabels":[],"buyUnitCount":1,"deliveryCode":"M","unitPrice":{"unit":100,"unitName":"mL","price":316},"rank":31,"lcode":"100000094","mcode":"200000753","scode":"300024678"},{"itemNo":"2518729595","itemName":"롯데 애니타임 밀크민트 185g","itemUrl":"https://item.gmarket.co.kr/Item?goodscode=2518729595","imageUrl":"//gdimg.gmarket.co.kr/2518729595/still/400?ver=1725092203","sdBrandName":"롯데웰푸드","itemPrice":3360,"buyCount":1027,"reviewPoint":{"starPoint":4.76,"reviewCount":210},"isBigSmileItem":false,"isSoldOut":false,"couponDiscount":{"discountType":"R","discountPrice":"0","discountRate":"15"},"cardDiscount":{"discountRate":0},"sellerInfo":{"sellCustNo":"155104283","sellLoginId":"emartmall2","nickname":"이마트몰쓱배송","isLmoOfficialSeller":false,"isFashionSquareSeller":false,"isBrandOfficialSeller":false},"hasOption":false,"isAdult":false,"isCartVisible":true,"discountRate":15,"sellPrice":3980,"tagLabels":[],"buyUnitCount":1,"deliveryCode":"M","rank":32,"lcode":"100000036","mcode":"200000370","scode":"300028680"},{"itemNo":"3935926782","itemName":"진주햄 천하장사 더블링 청양마요 400g","itemUrl":"https://item.gmarket.co.kr/Item?goodscode=3935926782","imageUrl":"//gdimg.gmarket.co.kr/3935926782/still/400?ver=1725142168","sdBrandName":"진주햄","itemPrice":9980,"buyCount":152,"reviewPoint":{"starPoint":4.44,"reviewCount":35},"isBigSmileItem":false,"isSoldOut":false,"couponDiscount":{"discountType":"R","discountPrice":"0","discountRate":"15"},"cardDiscount":{"discountRate":0},"sellerInfo":{"sellCustNo":"155104283","sellLoginId":"emartmall2","nickname":"이마트몰쓱배송","isLmoOfficialSeller":false,"isFashionSquareSeller":false,"isBrandOfficialSeller":false},"hasOption":false,"isAdult":false,"isCartVisible":true,"discountRate":0,"sellPrice":9980,"tagLabels":[{"code":58,"text":"2개 사면 할인","bgColor":"#19C919"}],"buyUnitCount":1,"deliveryCode":"M","unitPrice":{"unit":10,"unitName":"g","price":250},"rank":33,"lcode":"100000036","mcode":"200000370","scode":"300028677"},{"itemNo":"2518526403","itemName":"리스테린 쿨민트 마우스워시 750mL","itemUrl":"https://item.gmarket.co.kr/Item?goodscode=2518526403","imageUrl":"//gdimg.gmarket.co.kr/2518526403/still/400?ver=1725277739","sdBrandName":"리스테린","itemPrice":6900,"buyCount":542,"reviewPoint":{"starPoint":4.74,"reviewCount":127},"isBigSmileItem":false,"isSoldOut":false,"couponDiscount":{"discountType":"R","discountPrice":"0","discountRate":"15"},"cardDiscount":{"discountRate":0},"sellerInfo":{"sellCustNo":"155104283","sellLoginId":"emartmall2","nickname":"이마트몰쓱배송","isLmoOfficialSeller":false,"isFashionSquareSeller":false,"isBrandOfficialSeller":false},"hasOption":false,"isAdult":false,"isCartVisible":true,"discountRate":22,"sellPrice":8900,"tagLabels":[],"buyUnitCount":1,"deliveryCode":"M","rank":34,"lcode":"100000071","mcode":"200002933","scode":"300028836"},{"itemNo":"2518816316","itemName":"펩시 제로슈거 라임향 500ml","itemUrl":"https://item.gmarket.co.kr/Item?goodscode=2518816316","imageUrl":"//gdimg.gmarket.co.kr/2518816316/still/400?ver=1725111203","sdBrandName":"롯데칠성","itemPrice":1680,"buyCount":4685,"reviewPoint":{"starPoint":4.79,"reviewCount":296},"isBigSmileItem":false,"isSoldOut":false,"couponDiscount":{"discountType":"R","discountPrice":"0","discountRate":"15"},"cardDiscount":{"discountRate":0},"sellerInfo":{"sellCustNo":"155104283","sellLoginId":"emartmall2","nickname":"이마트몰쓱배송","isLmoOfficialSeller":false,"isFashionSquareSeller":false,"isBrandOfficialSeller":false},"hasOption":false,"isAdult":false,"isCartVisible":true,"discountRate":0,"sellPrice":1680,"tagLabels":[{"code":59,"text":"3개 사면 할인","bgColor":"#19C919"}],"buyUnitCount":1,"deliveryCode":"M","unitPrice":{"unit":100,"unitName":"mL","price":336},"rank":35,"lcode":"100000094","mcode":"200000753","scode":"300024678"},{"itemNo":"2523628981","itemName":"고메바삭튀겨낸 모짜렐라돈카츠450g","itemUrl":"https://item.gmarket.co.kr/Item?goodscode=2523628981","imageUrl":"//gdimg.gmarket.co.kr/2523628981/still/400?ver=1725102513","sdBrandName":"CJ제일제당","itemPrice":9980,"buyCount":917,"reviewPoint":{"starPoint":4.84,"reviewCount":220},"isBigSmileItem":false,"isSoldOut":false,"couponDiscount":{"discountType":"R","discountPrice":"0","discountRate":"15"},"cardDiscount":{"discountRate":0},"sellerInfo":{"sellCustNo":"155104283","sellLoginId":"emartmall2","nickname":"이마트몰쓱배송","isLmoOfficialSeller":false,"isFashionSquareSeller":false,"isBrandOfficialSeller":false},"hasOption":false,"isAdult":false,"isCartVisible":true,"discountRate":0,"sellPrice":9980,"tagLabels":[],"buyUnitCount":1,"deliveryCode":"M","rank":36,"lcode":"100000036","mcode":"200002371","scode":"300028717"},{"itemNo":"2561876411","itemName":"맥콜 500ml","itemUrl":"https://item.gmarket.co.kr/Item?goodscode=2561876411","imageUrl":"//gdimg.gmarket.co.kr/2561876411/still/400?ver=1725092405","sdBrandName":"일화","itemPrice":1090,"buyCount":679,"reviewPoint":{"starPoint":4.68,"reviewCount":199},"isBigSmileItem":false,"isSoldOut":false,"couponDiscount":{"discountType":"R","discountPrice":"0","discountRate":"15"},"cardDiscount":{"discountRate":0},"sellerInfo":{"sellCustNo":"155104283","sellLoginId":"emartmall2","nickname":"이마트몰쓱배송","isLmoOfficialSeller":false,"isFashionSquareSeller":false,"isBrandOfficialSeller":false},"hasOption":false,"isAdult":false,"isCartVisible":true,"discountRate":0,"sellPrice":1090,"tagLabels":[],"buyUnitCount":1,"deliveryCode":"M","unitPrice":{"unit":100,"unitName":"mL","price":218},"rank":37,"lcode":"100000094","mcode":"200000753","scode":"300024678"},{"itemNo":"3951323186","itemName":"롯데 칠성 사이다 (500ml)","itemUrl":"https://item.gmarket.co.kr/Item?goodscode=3951323186","imageUrl":"//gdimg.gmarket.co.kr/3951323186/still/400?ver=1725092667","sdBrandName":"롯데칠성","itemPrice":1880,"buyCount":79,"reviewPoint":{"starPoint":5,"reviewCount":6},"isBigSmileItem":false,"isSoldOut":false,"couponDiscount":{"discountType":"R","discountPrice":"0","discountRate":"15"},"cardDiscount":{"discountRate":0},"sellerInfo":{"sellCustNo":"155104283","sellLoginId":"emartmall2","nickname":"이마트몰쓱배송","isLmoOfficialSeller":false,"isFashionSquareSeller":false,"isBrandOfficialSeller":false},"hasOption":false,"isAdult":false,"isCartVisible":true,"discountRate":0,"sellPrice":1880,"tagLabels":[],"buyUnitCount":1,"deliveryCode":"M","unitPrice":{"unit":100,"unitName":"mL","price":376},"rank":38,"lcode":"100000094","mcode":"200000753","scode":"300024678"},{"itemNo":"2518479914","itemName":"코카콜라 코카콜라 500ml","itemUrl":"https://item.gmarket.co.kr/Item?goodscode=2518479914","imageUrl":"//gdimg.gmarket.co.kr/2518479914/still/400?ver=1725088394","sdBrandName":"코카콜라","itemPrice":1580,"buyCount":1726,"reviewPoint":{"starPoint":4.72,"reviewCount":206},"isBigSmileItem":false,"isSoldOut":false,"couponDiscount":{"discountType":"R","discountPrice":"0","discountRate":"15"},"cardDiscount":{"discountRate":0},"sellerInfo":{"sellCustNo":"155104283","sellLoginId":"emartmall2","nickname":"이마트몰쓱배송","isLmoOfficialSeller":false,"isFashionSquareSeller":false,"isBrandOfficialSeller":false},"hasOption":false,"isAdult":false,"isCartVisible":true,"discountRate":0,"sellPrice":1580,"tagLabels":[],"buyUnitCount":1,"deliveryCode":"M","unitPrice":{"unit":100,"unitName":"mL","price":316},"rank":39,"lcode":"100000094","mcode":"200000753","scode":"300024678"},{"itemNo":"3693835397","itemName":"환타 오렌지 1L","itemUrl":"https://item.gmarket.co.kr/Item?goodscode=3693835397","imageUrl":"//gdimg.gmarket.co.kr/3693835397/still/400?ver=1725141809","sdBrandName":"환타","itemPrice":2380,"buyCount":751,"reviewPoint":{"starPoint":4.74,"reviewCount":159},"isBigSmileItem":false,"isSoldOut":false,"couponDiscount":{"discountType":"R","discountPrice":"0","discountRate":"15"},"cardDiscount":{"discountRate":0},"sellerInfo":{"sellCustNo":"155104283","sellLoginId":"emartmall2","nickname":"이마트몰쓱배송","isLmoOfficialSeller":false,"isFashionSquareSeller":false,"isBrandOfficialSeller":false},"hasOption":false,"isAdult":false,"isCartVisible":true,"discountRate":0,"sellPrice":2380,"tagLabels":[{"code":58,"text":"2개 사면 할인","bgColor":"#19C919"}],"buyUnitCount":1,"deliveryCode":"M","unitPrice":{"unit":100,"unitName":"mL","price":238},"rank":40,"lcode":"100000094","mcode":"200000753","scode":"300024678"},{"itemNo":"2519281240","itemName":"도브 포밍 핸드워시 피치앤릴리 240ml","itemUrl":"https://item.gmarket.co.kr/Item?goodscode=2519281240","imageUrl":"//gdimg.gmarket.co.kr/2519281240/still/400?ver=1725120936","sdBrandName":"도브","itemPrice":5900,"buyCount":652,"reviewPoint":{"starPoint":4.84,"reviewCount":157},"isBigSmileItem":false,"isSoldOut":false,"couponDiscount":{"discountType":"R","discountPrice":"0","discountRate":"15"},"cardDiscount":{"discountRate":0},"sellerInfo":{"sellCustNo":"155104283","sellLoginId":"emartmall2","nickname":"이마트몰쓱배송","isLmoOfficialSeller":false,"isFashionSquareSeller":false,"isBrandOfficialSeller":false},"hasOption":false,"isAdult":false,"isCartVisible":true,"discountRate":0,"sellPrice":5900,"tagLabels":[{"code":58,"text":"2개 사면 할인","bgColor":"#19C919"}],"buyUnitCount":1,"deliveryCode":"M","rank":41,"lcode":"100000071","mcode":"200002093","scode":"300028869"},{"itemNo":"2522601149","itemName":"해태 썬키스트캔디317g","itemUrl":"https://item.gmarket.co.kr/Item?goodscode=2522601149","imageUrl":"//gdimg.gmarket.co.kr/2522601149/still/400?ver=1725103309","sdBrandName":"해태제과","itemPrice":3980,"buyCount":1111,"reviewPoint":{"starPoint":4.82,"reviewCount":297},"isBigSmileItem":false,"isSoldOut":false,"couponDiscount":{"discountType":"R","discountPrice":"0","discountRate":"15"},"cardDiscount":{"discountRate":0},"sellerInfo":{"sellCustNo":"155104283","sellLoginId":"emartmall2","nickname":"이마트몰쓱배송","isLmoOfficialSeller":false,"isFashionSquareSeller":false,"isBrandOfficialSeller":false},"hasOption":false,"isAdult":false,"isCartVisible":true,"discountRate":0,"sellPrice":3980,"tagLabels":[],"buyUnitCount":1,"deliveryCode":"M","rank":42,"lcode":"100000036","mcode":"200000370","scode":"300028680"},{"itemNo":"2518729016","itemName":"롯데 스카치 캔디 세가지맛 317g","itemUrl":"https://item.gmarket.co.kr/Item?goodscode=2518729016","imageUrl":"//gdimg.gmarket.co.kr/2518729016/still/400?ver=1725092259","sdBrandName":"롯데웰푸드","itemPrice":3980,"buyCount":841,"reviewPoint":{"starPoint":4.73,"reviewCount":291},"isBigSmileItem":false,"isSoldOut":false,"couponDiscount":{"discountType":"R","discountPrice":"0","discountRate":"15"},"cardDiscount":{"discountRate":0},"sellerInfo":{"sellCustNo":"155104283","sellLoginId":"emartmall2","nickname":"이마트몰쓱배송","isLmoOfficialSeller":false,"isFashionSquareSeller":false,"isBrandOfficialSeller":false},"hasOption":false,"isAdult":false,"isCartVisible":true,"discountRate":0,"sellPrice":3980,"tagLabels":[],"buyUnitCount":1,"deliveryCode":"M","rank":43,"lcode":"100000036","mcode":"200000370","scode":"300028680"},{"itemNo":"2518976832","itemName":"리스테린 쿨민트마일드 250mL","itemUrl":"https://item.gmarket.co.kr/Item?goodscode=2518976832","imageUrl":"//gdimg.gmarket.co.kr/2518976832/still/400?ver=1725120934","sdBrandName":"리스테린","itemPrice":3000,"buyCount":131,"reviewPoint":{"starPoint":4.9,"reviewCount":24},"isBigSmileItem":false,"isSoldOut":false,"couponDiscount":{"discountType":"R","discountPrice":"0","discountRate":"15"},"cardDiscount":{"discountRate":0},"sellerInfo":{"sellCustNo":"155104283","sellLoginId":"emartmall2","nickname":"이마트몰쓱배송","isLmoOfficialSeller":false,"isFashionSquareSeller":false,"isBrandOfficialSeller":false},"hasOption":false,"isAdult":false,"isCartVisible":true,"discountRate":0,"sellPrice":3000,"tagLabels":[],"buyUnitCount":1,"deliveryCode":"M","rank":44,"lcode":"100000071","mcode":"200002933","scode":"300028836"},{"itemNo":"2519015468","itemName":"리스테린 내추럴 그린티 마일드 750mL 충치케어 순한맛","itemUrl":"https://item.gmarket.co.kr/Item?goodscode=2519015468","imageUrl":"//gdimg.gmarket.co.kr/2519015468/still/400?ver=1725582085","sdBrandName":"리스테린","itemPrice":9900,"buyCount":1456,"reviewPoint":{"starPoint":4.74,"reviewCount":372},"isBigSmileItem":false,"isSoldOut":false,"couponDiscount":{"discountType":"R","discountPrice":"0","discountRate":"15"},"cardDiscount":{"discountRate":0},"sellerInfo":{"sellCustNo":"155104283","sellLoginId":"emartmall2","nickname":"이마트몰쓱배송","isLmoOfficialSeller":false,"isFashionSquareSeller":false,"isBrandOfficialSeller":false},"hasOption":false,"isAdult":false,"isCartVisible":true,"discountRate":0,"sellPrice":9900,"tagLabels":[{"code":58,"text":"2개 사면 할인","bgColor":"#19C919"},{"code":68,"text":"전단상품","bgColor":"#19C919"}],"buyUnitCount":1,"deliveryCode":"M","rank":45,"lcode":"100000071","mcode":"200002933","scode":"300028836"},{"itemNo":"2522414208","itemName":"소와나무 체다치즈클래식204g","itemUrl":"https://item.gmarket.co.kr/Item?goodscode=2522414208","imageUrl":"//gdimg.gmarket.co.kr/2522414208/still/400?ver=1725101289","sdBrandName":"동원","itemPrice":4280,"buyCount":2384,"reviewPoint":{"starPoint":4.8,"reviewCount":616},"isBigSmileItem":false,"isSoldOut":false,"couponDiscount":{"discountType":"R","discountPrice":"0","discountRate":"15"},"cardDiscount":{"discountRate":0},"sellerInfo":{"sellCustNo":"155104283","sellLoginId":"emartmall2","nickname":"이마트몰쓱배송","isLmoOfficialSeller":false,"isFashionSquareSeller":false,"isBrandOfficialSeller":false},"hasOption":false,"isAdult":false,"isCartVisible":true,"discountRate":0,"sellPrice":4280,"tagLabels":[],"buyUnitCount":1,"deliveryCode":"M","unitPrice":{"unit":10,"unitName":"g","price":210},"rank":46,"lcode":"100000036","mcode":"200001209","scode":"300012424"},{"itemNo":"2522450945","itemName":"히말라야 핑크솔트 펌핑치약 플로럴민트 285G","itemUrl":"https://item.gmarket.co.kr/Item?goodscode=2522450945","imageUrl":"//gdimg.gmarket.co.kr/2522450945/still/400?ver=1725101532","sdBrandName":"페리오","itemPrice":14900,"buyCount":743,"reviewPoint":{"starPoint":4.84,"reviewCount":117},"isBigSmileItem":false,"isSoldOut":false,"couponDiscount":{"discountType":"R","discountPrice":"0","discountRate":"15"},"cardDiscount":{"discountRate":0},"sellerInfo":{"sellCustNo":"155104283","sellLoginId":"emartmall2","nickname":"이마트몰쓱배송","isLmoOfficialSeller":false,"isFashionSquareSeller":false,"isBrandOfficialSeller":false},"hasOption":false,"isAdult":false,"isCartVisible":true,"discountRate":0,"sellPrice":14900,"tagLabels":[{"code":58,"text":"2개 사면 할인","bgColor":"#19C919"}],"buyUnitCount":1,"deliveryCode":"M","rank":47,"lcode":"100000071","mcode":"200002933","scode":"300028840"},{"itemNo":"2522677362","itemName":"진주햄 천하장사 오리지날 448g","itemUrl":"https://item.gmarket.co.kr/Item?goodscode=2522677362","imageUrl":"//gdimg.gmarket.co.kr/2522677362/still/400?ver=1725103946","sdBrandName":"진주햄","itemPrice":7980,"buyCount":3081,"reviewPoint":{"starPoint":4.8,"reviewCount":659},"isBigSmileItem":false,"isSoldOut":false,"couponDiscount":{"discountType":"R","discountPrice":"0","discountRate":"15"},"cardDiscount":{"discountRate":0},"sellerInfo":{"sellCustNo":"155104283","sellLoginId":"emartmall2","nickname":"이마트몰쓱배송","isLmoOfficialSeller":false,"isFashionSquareSeller":false,"isBrandOfficialSeller":false},"hasOption":false,"isAdult":false,"isCartVisible":true,"discountRate":0,"sellPrice":7980,"tagLabels":[],"buyUnitCount":1,"deliveryCode":"M","unitPrice":{"unit":10,"unitName":"g","price":178},"rank":48,"lcode":"100000036","mcode":"200000370","scode":"300008235"},{"itemNo":"2522804237","itemName":"히말라야 핑크솔트 담은칫솔(그린티) 4입","itemUrl":"https://item.gmarket.co.kr/Item?goodscode=2522804237","imageUrl":"//gdimg.gmarket.co.kr/2522804237/still/400?ver=1725105094","sdBrandName":"페리오","itemPrice":14900,"buyCount":164,"reviewPoint":{"starPoint":4.64,"reviewCount":28},"isBigSmileItem":false,"isSoldOut":false,"couponDiscount":{"discountType":"R","discountPrice":"0","discountRate":"15"},"cardDiscount":{"discountRate":0},"sellerInfo":{"sellCustNo":"155104283","sellLoginId":"emartmall2","nickname":"이마트몰쓱배송","isLmoOfficialSeller":false,"isFashionSquareSeller":false,"isBrandOfficialSeller":false},"hasOption":false,"isAdult":false,"isCartVisible":true,"discountRate":0,"sellPrice":14900,"tagLabels":[{"code":58,"text":"2개 사면 할인","bgColor":"#19C919"}],"buyUnitCount":1,"deliveryCode":"M","rank":49,"lcode":"100000071","mcode":"200002933","scode":"300028842"},{"itemNo":"2523200904","itemName":"아크네스 클리어앤화이트 크리미워시","itemUrl":"https://item.gmarket.co.kr/Item?goodscode=2523200904","imageUrl":"//gdimg.gmarket.co.kr/2523200904/still/400?ver=1725117844","sdBrandName":"아크네스","itemPrice":13500,"buyCount":35,"reviewPoint":{"starPoint":4.6,"reviewCount":6},"isBigSmileItem":false,"isSoldOut":false,"couponDiscount":{"discountType":"R","discountPrice":"0","discountRate":"15"},"cardDiscount":{"discountRate":0},"sellerInfo":{"sellCustNo":"155104283","sellLoginId":"emartmall2","nickname":"이마트몰쓱배송","isLmoOfficialSeller":false,"isFashionSquareSeller":false,"isBrandOfficialSeller":false},"hasOption":false,"isAdult":false,"isCartVisible":true,"discountRate":0,"sellPrice":13500,"tagLabels":[{"code":58,"text":"2개 사면 할인","bgColor":"#19C919"}],"buyUnitCount":1,"deliveryCode":"M","rank":50,"lcode":"100000005","mcode":"200000310","scode":"300002682"},{"itemNo":"2611416821","itemName":"폰즈 딥클렌징폼 클리어스파 200ml","itemUrl":"https://item.gmarket.co.kr/Item?goodscode=2611416821","imageUrl":"//gdimg.gmarket.co.kr/2611416821/still/400?ver=1725124527","sdBrandName":"폰즈","itemPrice":12900,"buyCount":193,"reviewPoint":{"starPoint":4.83,"reviewCount":45},"isBigSmileItem":false,"isSoldOut":false,"couponDiscount":{"discountType":"R","discountPrice":"0","discountRate":"15"},"cardDiscount":{"discountRate":0},"sellerInfo":{"sellCustNo":"155104283","sellLoginId":"emartmall2","nickname":"이마트몰쓱배송","isLmoOfficialSeller":false,"isFashionSquareSeller":false,"isBrandOfficialSeller":false},"hasOption":false,"isAdult":false,"isCartVisible":true,"discountRate":0,"sellPrice":12900,"tagLabels":[{"code":58,"text":"2개 사면 할인","bgColor":"#19C919"}],"buyUnitCount":1,"deliveryCode":"M","rank":51,"lcode":"100000071","mcode":"200000312","scode":"300002696"},{"itemNo":"2518823219","itemName":"해태 자두캔디 130g","itemUrl":"https://item.gmarket.co.kr/Item?goodscode=2518823219","imageUrl":"//gdimg.gmarket.co.kr/2518823219/still/400?ver=1725254122","sdBrandName":"해태제과","itemPrice":1680,"buyCount":1222,"reviewPoint":{"starPoint":4.7,"reviewCount":284},"isBigSmileItem":false,"isSoldOut":false,"couponDiscount":{"discountType":"R","discountPrice":"0","discountRate":"15"},"cardDiscount":{"discountRate":0},"sellerInfo":{"sellCustNo":"155104283","sellLoginId":"emartmall2","nickname":"이마트몰쓱배송","isLmoOfficialSeller":false,"isFashionSquareSeller":false,"isBrandOfficialSeller":false},"hasOption":false,"isAdult":false,"isCartVisible":true,"discountRate":0,"sellPrice":1680,"tagLabels":[],"buyUnitCount":1,"deliveryCode":"M","rank":52,"lcode":"100000036","mcode":"200000370","scode":"300028680"},{"itemNo":"2519085661","itemName":"매일 아몬드브리즈 오리지널 950ml","itemUrl":"https://item.gmarket.co.kr/Item?goodscode=2519085661","imageUrl":"//gdimg.gmarket.co.kr/2519085661/still/400?ver=1725099862","sdBrandName":"매일유업","itemPrice":5080,"buyCount":587,"reviewPoint":{"starPoint":4.9,"reviewCount":81},"isBigSmileItem":false,"isSoldOut":false,"couponDiscount":{"discountType":"R","discountPrice":"0","discountRate":"15"},"cardDiscount":{"discountRate":0},"sellerInfo":{"sellCustNo":"155104283","sellLoginId":"emartmall2","nickname":"이마트몰쓱배송","isLmoOfficialSeller":false,"isFashionSquareSeller":false,"isBrandOfficialSeller":false},"hasOption":false,"isAdult":false,"isCartVisible":true,"discountRate":0,"sellPrice":5080,"tagLabels":[],"buyUnitCount":1,"deliveryCode":"M","unitPrice":{"unit":100,"unitName":"mL","price":535},"rank":53,"lcode":"100000094","mcode":"200002376","scode":"300029200"},{"itemNo":"2519116933","itemName":"덴마크 후레쉬 모짜렐라 125g","itemUrl":"https://item.gmarket.co.kr/Item?goodscode=2519116933","imageUrl":"//gdimg.gmarket.co.kr/2519116933/still/400?ver=1725114633","sdBrandName":"동원","itemPrice":5680,"buyCount":453,"reviewPoint":{"starPoint":4.7,"reviewCount":115},"isBigSmileItem":false,"isSoldOut":false,"couponDiscount":{"discountType":"R","discountPrice":"0","discountRate":"15"},"cardDiscount":{"discountRate":0},"sellerInfo":{"sellCustNo":"155104283","sellLoginId":"emartmall2","nickname":"이마트몰쓱배송","isLmoOfficialSeller":false,"isFashionSquareSeller":false,"isBrandOfficialSeller":false},"hasOption":false,"isAdult":false,"isCartVisible":true,"discountRate":0,"sellPrice":5680,"tagLabels":[],"buyUnitCount":1,"deliveryCode":"M","unitPrice":{"unit":10,"unitName":"g","price":454},"rank":54,"lcode":"100000036","mcode":"200001209","scode":"300012424"},{"itemNo":"2519281767","itemName":"도브 포밍 핸드워시 피치앤릴리 리필 430ml","itemUrl":"https://item.gmarket.co.kr/Item?goodscode=2519281767","imageUrl":"//gdimg.gmarket.co.kr/2519281767/still/400?ver=1725120929","sdBrandName":"도브","itemPrice":6900,"buyCount":316,"reviewPoint":{"starPoint":4.71,"reviewCount":75},"isBigSmileItem":false,"isSoldOut":false,"couponDiscount":{"discountType":"R","discountPrice":"0","discountRate":"15"},"cardDiscount":{"discountRate":0},"sellerInfo":{"sellCustNo":"155104283","sellLoginId":"emartmall2","nickname":"이마트몰쓱배송","isLmoOfficialSeller":false,"isFashionSquareSeller":false,"isBrandOfficialSeller":false},"hasOption":false,"isAdult":false,"isCartVisible":true,"discountRate":0,"sellPrice":6900,"tagLabels":[{"code":58,"text":"2개 사면 할인","bgColor":"#19C919"}],"buyUnitCount":1,"deliveryCode":"M","rank":55,"lcode":"100000071","mcode":"200002093","scode":"300028869"},{"itemNo":"2522883459","itemName":"리콜라 레몬민트 100g","itemUrl":"https://item.gmarket.co.kr/Item?goodscode=2522883459","imageUrl":"//gdimg.gmarket.co.kr/2522883459/still/400?ver=1725100603","sdBrandName":"리콜라","itemPrice":5180,"buyCount":277,"reviewPoint":{"starPoint":4.83,"reviewCount":48},"isBigSmileItem":false,"isSoldOut":false,"couponDiscount":{"discountType":"R","discountPrice":"0","discountRate":"15"},"cardDiscount":{"discountRate":0},"sellerInfo":{"sellCustNo":"155104283","sellLoginId":"emartmall2","nickname":"이마트몰쓱배송","isLmoOfficialSeller":false,"isFashionSquareSeller":false,"isBrandOfficialSeller":false},"hasOption":false,"isAdult":false,"isCartVisible":true,"discountRate":0,"sellPrice":5180,"tagLabels":[],"buyUnitCount":1,"deliveryCode":"M","rank":56,"lcode":"100000036","mcode":"200000370","scode":"300028680"},{"itemNo":"2718064438","itemName":"매일 아몬드브리즈 언스위트 950ml","itemUrl":"https://item.gmarket.co.kr/Item?goodscode=2718064438","imageUrl":"//gdimg.gmarket.co.kr/2718064438/still/400?ver=1725099630","itemPrice":5080,"buyCount":242,"reviewPoint":{"starPoint":4.6,"reviewCount":66},"isBigSmileItem":false,"isSoldOut":false,"couponDiscount":{"discountType":"R","discountPrice":"0","discountRate":"15"},"cardDiscount":{"discountRate":0},"sellerInfo":{"sellCustNo":"155104283","sellLoginId":"emartmall2","nickname":"이마트몰쓱배송","isLmoOfficialSeller":false,"isFashionSquareSeller":false,"isBrandOfficialSeller":false},"hasOption":false,"isAdult":false,"isCartVisible":true,"discountRate":0,"sellPrice":5080,"tagLabels":[],"buyUnitCount":1,"deliveryCode":"M","rank":57,"lcode":"100000094","mcode":"200002376","scode":"300029200"},{"itemNo":"2518682340","itemName":"까르보나라 크림 스파게티460g(2인)","itemUrl":"https://item.gmarket.co.kr/Item?goodscode=2518682340","imageUrl":"//gdimg.gmarket.co.kr/2518682340/still/400?ver=1725524880","sdBrandName":"생가득","itemPrice":8480,"buyCount":347,"reviewPoint":{"starPoint":4.78,"reviewCount":95},"isBigSmileItem":false,"isSoldOut":false,"couponDiscount":{"discountType":"R","discountPrice":"0","discountRate":"15"},"cardDiscount":{"discountRate":0},"sellerInfo":{"sellCustNo":"155104283","sellLoginId":"emartmall2","nickname":"이마트몰쓱배송","isLmoOfficialSeller":false,"isFashionSquareSeller":false,"isBrandOfficialSeller":false},"hasOption":false,"isAdult":false,"isCartVisible":true,"discountRate":0,"sellPrice":8480,"tagLabels":[],"buyUnitCount":1,"deliveryCode":"M","rank":58,"lcode":"100000036","mcode":"200002370","scode":"300012429"},{"itemNo":"2522800983","itemName":"말랑카우 핸드워시 리필(블루베리)250ml","itemUrl":"https://item.gmarket.co.kr/Item?goodscode=2522800983","imageUrl":"//gdimg.gmarket.co.kr/2522800983/still/400?ver=1725104736","sdBrandName":"애경","itemPrice":4900,"buyCount":189,"reviewPoint":{"starPoint":4.84,"reviewCount":27},"isBigSmileItem":false,"isSoldOut":false,"couponDiscount":{"discountType":"R","discountPrice":"0","discountRate":"15"},"cardDiscount":{"discountRate":0},"sellerInfo":{"sellCustNo":"155104283","sellLoginId":"emartmall2","nickname":"이마트몰쓱배송","isLmoOfficialSeller":false,"isFashionSquareSeller":false,"isBrandOfficialSeller":false},"hasOption":false,"isAdult":false,"isCartVisible":true,"discountRate":0,"sellPrice":4900,"tagLabels":[{"code":58,"text":"2개 사면 할인","bgColor":"#19C919"}],"buyUnitCount":1,"deliveryCode":"M","rank":59,"lcode":"100000071","mcode":"200002093","scode":"300028869"},{"itemNo":"2518779161","itemName":"들기름막국수 2인 391.4g","itemUrl":"https://item.gmarket.co.kr/Item?goodscode=2518779161","imageUrl":"//gdimg.gmarket.co.kr/2518779161/still/400?ver=1725112651","sdBrandName":"풀무원","itemPrice":6980,"buyCount":281,"reviewPoint":{"starPoint":4.79,"reviewCount":119},"isBigSmileItem":false,"isSoldOut":false,"couponDiscount":{"discountType":"R","discountPrice":"0","discountRate":"15"},"cardDiscount":{"discountRate":0},"sellerInfo":{"sellCustNo":"155104283","sellLoginId":"emartmall2","nickname":"이마트몰쓱배송","isLmoOfficialSeller":false,"isFashionSquareSeller":false,"isBrandOfficialSeller":false},"hasOption":false,"isAdult":false,"isCartVisible":true,"discountRate":0,"sellPrice":6980,"tagLabels":[],"buyUnitCount":1,"deliveryCode":"M","rank":60,"lcode":"100000036","mcode":"200002370","scode":"300012428"}]},"additionalItem":{"items":[]},"pagination":{"currentPageNo":1,"pageSize":60,"totalResultCount":290},"sortOption":"Popularity"},"filterState":[],"isSFC":false,"bigSmileDay":{"isBigSmileDay":true,"bsdTagImageUrl":"//image.gmarket.co.kr/hanbando/202408/a4e449b9-22a7-4df9-aaa4-148d912fcc83.png","bsdTagAltText":"한가위 빅세일","bsdToggleText":"//image.gmarket.co.kr/hanbando/202408/59082f4f-8cf6-4b62-b345-1072bb0c0d3c.gif","bsdToggleBackGround":"//image.gmarket.co.kr/hanbando/202408/7911f573-e13d-4fcc-80de-3c1fbed2bfdb.png","bsdToggleUseSmileIcon":false,"bsdToggleOnAltText":"한가위 빅세일 필터 ","bsdToggleOffAltText":"한가위 빅세일 필터 "}}},"__N_SSP":true},"page":"/n/smilefresh/sale","query":{"promotionCode":"4"},"buildId":"FuleE6RJUYphys9RuEDG0","assetPrefix":"/n/smilefresh","isFallback":false,"gssp":true,"customServer":true,"scriptLoader":[]}</script><script>(function(){function c(){var b=a.contentDocument||a.contentWindow.document;if(b){var d=b.createElement('script');d.innerHTML="window.__CF$cv$params={r:'8bea75cc2d44a7dd',t:'MTcyNTU4Mzc3Ni4wMDAwMDA='};var a=document.createElement('script');a.nonce='';a.src='/cdn-cgi/challenge-platform/scripts/jsd/main.js';document.getElementsByTagName('head')[0].appendChild(a);";b.getElementsByTagName('head')[0].appendChild(d)}}if(document.body){var a=document.createElement('iframe');a.height=1;a.width=1;a.style.position='absolute';a.style.top=0;a.style.left=0;a.style.border='none';a.style.visibility='hidden';document.body.appendChild(a);if('loading'!==document.readyState)c();else if(window.addEventListener)document.addEventListener('DOMContentLoaded',c);else{var e=document.onreadystatechange||function(){};document.onreadystatechange=function(b){e(b);'loading'!==document.readyState&&(document.onreadystatechange=e,c())}}}})();</script></body></html>